2460 3840
214 156 427 213 Adnotationes.
464 157 506 213 De
524 157 655 228 genetivo
675 159 703 212 et
722 155 882 211 accusativo
903 155 1015 227 plurali
1075 157 1118 222 91

106 300 186 390 (622
202 327 228 367 a.
238 299 283 389 u.)
301 308 457 370 invenitur
473 309 604 386 primum
622 309 718 368 forma
732 307 764 366 in
778 309 845 385 cis,
864 307 916 367 sed
931 307 1036 368 eodem
1050 308 1116 369 loco

108 401 154 456 est
177 416 237 458 acc.
261 400 348 459 cedis,
792 445 796 454 .
1110 406 1112 412 '

172 487 238 546 Iam
271 487 345 546 satis
378 488 498 547 constat
528 488 640 545 formas
672 486 704 544 in
731 502 778 544 -es
805 478 878 564 (acc.
902 478 996 567 plur.)
1019 489 1118 546 veter·

105 575 197 635 rimas
216 593 289 653 esse,
308 575 415 635 deinde
434 575 622 635 accusativos
640 575 672 633 in
691 576 745 634 -ec's
764 575 795 633 et
811 574 844 633 in
863 577 902 634 ·is
920 592 979 633 usu
998 576 1117 635 sanctos

106 682 169 723 esse
192 683 289 741 neque
307 664 376 724 illas
396 665 523 742 antiqua
541 664 656 741 origine
674 663 786 722 formas
806 681 860 722 suo
879 663 945 722 loco
966 663 1116 739 depulsas.

105 751 253 813 Convenit
275 753 356 812 inter
372 753 520 829 plurimos
538 753 651 812 formas
668 752 701 810 in
719 753 760 812 eis
777 754 919 811 exeuntes
938 751 1066 811 maxime
1085 752 1117 811 in

106 841 143 900 iis
156 841 326 901 nominibus
340 842 477 920 inveniri,
492 860 570 919 quae
585 842 617 900 in
630 861 697 919 gen.
712 842 790 917 plur.
802 844 912 901 exeunt
926 841 958 899 in
973 844 1047 901 -ium
1060 841 1078 900 i.
1091 860 1115 900 e.

104 930 242 1006 inprimis
264 930 344 1007 apud
368 949 404 989 ea
425 931 561 1008 nomina,
586 949 663 1008 quae
687 930 753 989 iure
775 929 807 988 in
829 929 981 989 radicibus
1006 949 1075 989 cum
1093 933 1118 990 ·c'

104 1021 328 1097 enumerantur,
350 1021 418 1078 tum
439 1019 472 1078 in
494 1019 540 1098 iis,
565 1038 643 1097 quae
665 1019 697 1077 in
719 1020 800 1078 hunc
823 1019 958 1079 ordinem
986 1019 1113 1078 transie-

103 1111 176 1166 runt
198 1106 372 1184 (participia
394 1108 425 1166 iu
449 1126 510 1176 -rcs,
534 1127 598 1177 ars,
622 1110 672 1176 lis,
696 1099 776 1189 cet).
808 1107 844 1167 In
866 1108 996 1167 miliario
1015 1107 1117 1184 Popil-

103 1196 185 1256 liano
215 1196 359 1256 habemus
387 1190 533 1257 ‘omneis'
562 1200 593 1257 et
621 1189 745 1275 ‘aedis',
772 1196 805 1255 in
831 1199 1025 1256 monumento
1054 1197 1116 1255 An·

105 1303 216 1361 cyrano
243 1287 420 1364 plerumque
448 1304 495 1345 -es
524 1287 577 1346 sed
607 1286 699 1346 etiam
727 1289 783 1362 -c's,
811 1278 911 1344 ‘finis'
943 1289 974 1345 et
1000 1279 1117 1364 ‘fines',

105 1367 275 1433 ‘labentes'
292 1376 323 1434 et
336 1368 496 1453 ‘agentis’,
515 1376 546 1433 in
566 1375 701 1435 oratione
716 1373 836 1434 Claudii
849 1374 992 1451 Lugduni
1010 1375 1116 1434 habita

104 1455 231 1539 ‘pluris'
259 1466 291 1523 et
313 1457 430 1541 ‘fines’,
457 1463 489 1522 in
518 1464 670 1523 codicibus
693 1463 844 1523 Plautinis
871 1466 939 1521 tum
966 1465 1023 1523 -eis
1049 1465 1117 1522 tum

104 1555 146 1611 -r's
174 1543 315 1633 (omneis,
342 1553 437 1628 liteis,
464 1553 593 1629 plureis,
621 1553 730 1629 omnis,
757 1552 895 1627 virtutis,
920 1552 1115 1631 oboedientis,

105 1632 183 1722 cet).
228 1641 265 1700 In
292 1661 328 1700 ea
359 1642 456 1720 igitur
488 1642 659 1701 conditione
691 1660 738 1701 res
772 1645 830 1719 est,
862 1643 899 1700 ut
932 1641 970 1700 ad
1002 1644 1116 1701 certam

103 1731 241 1808 regulam
263 1730 361 1808 redigi
383 1733 522 1808 nequeat.
565 1731 748 1808 Fragmenta
770 1731 911 1789 Pliniana
932 1733 996 1789 tam
1018 1749 1117 1807 pauca

103 1820 187 1892 sunt,
215 1822 252 1877 ut
278 1819 329 1880 vix
362 1819 528 1897 quidquam
558 1839 594 1878 ex
625 1820 663 1878 iis
694 1819 895 1897 proficiamus.
941 1818 1058 1879 Scimus
1085 1822 1117 1880 et

103 1907 269 1970 Varronem
309 1911 340 1968 et
377 1907 500 1967 Aelium
537 1908 684 1968 Stilonem
726 1912 757 1968 et
793 1908 908 1967 Iulium
945 1907 1116 1968 Modestum

104 1991 170 2074 (Oh.
192 1998 265 2073 125,
285 1987 320 2078 3)
344 2000 375 2056 et
397 1997 598 2074 Pomponium
622 1997 794 2057 Secundum
816 1997 1045 2057 constituendae
1068 2016 1115 2056 re·

104 2085 194 2161 gulae
227 2103 350 2162 operam
385 2104 525 2165 navasse,
558 2089 590 2146 at
626 2105 686 2146 non
722 2089 786 2145 tam
821 2088 984 2163 praecepta
1020 2103 1114 2162 quam

102 2174 241 2250 exempla
272 2178 356 2252 sunt,
389 2193 466 2252 quae
498 2175 584 2235 nobis
616 2175 813 2251 reliquerimt.
859 2174 956 2234 Varro
987 2173 1023 2232 de
1052 2175 1071 2232 l.
1094 2175 1115 2233 l.

104 2264 133 2339 8,
153 2264 283 2322 66-67
313 2263 457 2323 audiebat
489 2266 519 2323 et
551 2257 709 2334 ‘montes'‚
742 2256 873 2322 ‘fontes’
904 2265 935 2322 et
963 2255 1117 2341 ‘montis',

102 2344 236 2424 ‘fontis',
269 2346 400 2430 ‘gentis'
434 2356 465 2412 et
492 2346 639 2412 ‘mentes'
669 2370 764 2429 aeque
796 2351 951 2428 probabat.
997 2351 1115 2411 Plinius

102 2433 168 2518 (ch.
185 2443 258 2512 129,
275 2434 331 2521 19)
354 2442 472 2518 statuit,
494 2445 531 2500 ut
553 2461 590 2501 ea
611 2440 769 2520 vocabula,
794 2460 871 2519 quae
893 2441 926 2498 in
949 2460 1016 2518 gen.
1035 2441 1115 2518 plur.

102 2531 177 2588 -icm
199 2530 342 2608 habeant,
365 2530 397 2588 in
428 2548 487 2589 acc.
510 2531 589 2607 plur.
612 2530 644 2589 in
668 2532 725 2590 -cis
748 2522 843 2611 (csl)
868 2529 947 2588 exire
977 2529 1114 2590 debeant.

102 2617 198 2677 Addit
219 2618 426 2678 testimonium
444 2618 590 2679 Varronis
613 2620 716 2695 plures
740 2618 929 2695 exceptiones
953 2618 1114 2698 afferentis,

102 2706 212 2784 quibus
230 2707 348 2766 Plinius
371 2708 509 2784 regulam
532 2708 702 2767 confirmari
721 2707 802 2768 dicit.
837 2707 916 2768 Sunt
934 2708 987 2785 qui
1005 2711 1115 2785 putent

100 2796 257 2872 genetivos
281 2797 356 2873 sing.
376 2799 408 2855 et
424 2797 513 2874 plur,
536 2797 562 2855 si
583 2800 596 2856 c'
618 2797 706 2874 adsit,
730 2800 784 2856 -cc‘s
806 2796 886 2855 finiri
904 2797 936 2856 in
955 2815 1016 2856 acc.
1034 2799 1113 2874 plur.

101 2884 218 2944 Horum
241 2885 425 2944 sententiam
447 2885 561 2944 Plinius
586 2886 709 2962 spernit.

166 2972 236 3032 Non
254 2973 353 3033 minus
371 2974 543 3033 laboramus
561 2974 594 3032 in
613 2973 789 3050 explicanda
808 2974 958 3034 sententia
976 2975 1115 3034 Pliniana

102 3060 138 3120 de
161 3062 302 3140 genetivo
325 3063 438 3138 plurali
460 3063 493 3120 in
516 3065 594 3122 -icm
618 3066 672 3122 aut
692 3081 764 3123 -ucc
802 3062 993 3139 Quamquam
1010 3063 1114 3141 plures

101 3153 263 3226 supersunt
286 3154 385 3210 certae
408 3152 541 3229 regulae,
565 3155 668 3210 tamen
689 3153 746 3211 hoc
771 3170 871 3211 omnes
894 3152 969 3210 mihi
993 3153 1113 3211 demon·

102 3243 198 3298 strare
221 3240 364 3300 videntur
386 3259 441 3316 per
464 3241 684 3301 nominativum
704 3240 742 3299 ad
759 3241 920 3301 veritatem
939 3241 1035 3300 veniri
1053 3259 1113 3300 non

100 3345 196 3403 posse.
242 3327 328 3397 Quod
361 3329 575 3388 intellexerunt
606 3329 667 3405 ipsi
697 3331 815 3389 veteres
847 3329 1050 3407 grammatici,
1078 3332 1114 3389 ut

101 3417 141 3475 ad
164 3417 224 3475 alia
247 3417 379 3477 subsidia
402 3418 600 3495 confugerent
624 3410 713 3499 (141,
734 3421 775 3477 24
790 3411 943 3496 partum),
963 3421 1037 3477 -ium
1059 3419 1113 3473 lia-

100 3504 173 3564 bent
195 3506 269 3565 haec
291 3507 453 3567 vocabula:
