2460 3840
113 147 153 201 Vl
397 143 646 247 commentariolus
664 145 833 215 isagogicus.

114 287 203 357 tione,
224 274 410 357 derivatione,
428 241 561 357 bistone,
580 290 613 341 ut
631 290 724 343 cetera
743 287 989 380 grammaticorum
1008 307 1124 345 munera

117 330 710 436 0111119111001111119119111111.1191191919
730 368 849 438 syntaxi,
865 368 942 424 cuius
960 386 1062 439 parens
1081 374 1126 425 991

116 411 281 517 Apollonius
300 447 444 516 Dyscolus,
464 447 560 502 studia
579 447 719 503 severiora
736 450 860 504 nondum
878 451 960 503 erant
977 449 1060 505 facta

186 526 295 596 Operae
317 529 439 597 pretium
462 527 523 582 991
529 545 614 596 quarn
637 527 801 583 brevissime
819 528 967 583 historiam
984 534 1123 598 gramma·

114 608 189 661 ticae
212 607 346 675 antiquae
369 623 542 678 percurrere,
567 610 600 662 ut
623 625 657 662 ea
680 626 752 677 quac
776 613 930 678 sequuntm
951 626 1008 664 non
1033 610 1125 664 solum

114 687 214 742 harum
240 704 333 741 rerum
358 687 457 755 peritis
486 688 536 741 sed
563 687 651 742 etiam
671 686 720 756 iis,
744 688 793 757 qui
815 689 886 744 haec
908 688 1003 743 studia
1024 689 1124 758 primis

115 767 212 835 digitis
232 767 397 835 attigerunt,
416 766 608 836 probabiliora
626 767 783 826 videantur.

186 846 338 937 Quaerenti
356 846 512 901 studiorum
530 847 778 918 grammaticorum
800 848 884 903 initia
907 865 924 902 a
946 847 1123 918 philosophis

114 927 224 997 graecis
253 925 419 980 ordiendum
446 928 498 981 est.
539 926 627 980 Primi
657 926 702 980 1111
728 927 891 997 philosophi
917 945 974 983 non
1001 944 1019 982 a
1046 928 1126 983 191111

116 1005 261 1061 9191191119
280 1005 399 1076 profecti
418 1009 531 1059 sunt-
550 1007 660 1061 utinam
677 1011 856 1077 possent-
874 1011 907 1063 ut
924 1008 989 1062 Indi
1006 1011 1125 1077 1919199,

115 1085 252 1154 aquibus
277 1102 310 1139 ea
334 1102 379 1139 ars
403 1102 511 1140 summo
535 1085 597 1140 iure
619 1088 827 1160 vyakaranaQ,
846 1086 980 1149 ἀνάλυσις
1003 1086 1061 1142 fere
1080 1087 1125 1141 vel

114 1165 240 1220 reductio
260 1163 462 1236 adprincipia‚
482 1167 694 1237 appellabatur,
718 1166 885 1222 9919191111
908 1167 945 1221 ad
968 1168 1124 1237 superiores

114 1244 243 1315 regiones
261 1246 449 1301 evolaverunt.
486 1245 626 1315 Sophistis
645 1251 707 1303 erat
725 1247 824 1318 lingua
842 1247 930 1301 telum
949 1265 1004 1316 quo
1028 1263 1124 1302 omnes

114 1341 246 1394 superare
271 1341 354 1394 posse
382 1324 437 1379 sibi
459 1325 637 1383 videbantur.
673 1326 891 1381 Accuratissime
913 1327 1125 1396 perpendebant

112 1406 314 1460 vocabulorum
331 1407 389 1460 vim
408 1408 438 1462 et
463 1406 710 1477 significationem,
729 1409 762 1462 ut
784 1423 999 1476 synonymorum
1022 1407 1125 1461 doctri-

113 1501 180 1538 nam
207 1503 225 1539 a
252 1485 370 1540 Prodico
399 1490 428 1541 91
454 1487 610 1556 Protagora
638 1487 781 1542 conditam
813 1503 875 1540 esse
906 1486 954 1541 vix
983 1487 1124 1543 miremur.

114 1565 213 1633 Itaque
231 1565 262 1619 in
279 1565 437 1636 praeceptis
451 1565 577 1621 Platonis
597 1570 626 1622 et
638 1566 800 1621 Aristotelis
819 1567 969 1621 odoramur
985 1566 1124 1636 sophista-

113 1661 175 1697 rum
190 1645 352 1700 sententias.
380 1645 436 1699 Sed
450 1645 602 1700 dolendum
612 1650 656 1701 est
665 1648 740 1716 quod
749 1647 784 1700 de
793 1646 908 1716 linguae
918 1647 994 1716 apud
1004 1646 1124 1701 Graecos

112 1723 215 1777 91111119
232 1723 291 1777 illis
310 1724 508 1779 vetustissimis
528 1743 653 1781 caremus
672 1727 833 1782 auctoribus
852 1726 1048 1796 locupletibus.

182 1803 417 1872 Antiquissimum
442 1804 636 1860 testimonium
663 1807 799 1862 habemus
822 1806 948 1861 Platonis
971 1807 1122 1877 Cratylum

114 1882 222 1952 dequo
242 1884 356 1953 dialogo
376 1884 469 1939 adhuc
488 1886 590 1940 acriter
608 1885 755 1956 disputant
773 1886 827 1941 viri
851 1887 936 1942 docti.
974 1887 1123 1952 Quaeritur

111 1981 179 2017 num
193 1965 305 2019 vinculo
324 1964 448 2033 quodam
460 1965 629 2019 vocabulum
648 1969 677 2020 91
695 1967 755 2021 91119
775 1966 944 2036 significatio
960 1966 1122 2021 continean-

110 2045 171 2112 tur,
199 2062 266 2098 num
293 2046 408 2099 nomina
430 2044 513 2100 rebus
537 2045 671 2114 imposita
695 2045 752 2100 sint
775 2045 850 2119 νόμῳ
878 2063 916 2100 an
943 2046 1034 2116 φύσει.
1072 2045 1123 2099 Est

111 2139 177 2178 vero
195 2123 226 2177 in
243 2125 297 2179 hoc
316 2124 430 2194 dialogo
454 2125 576 2194 aliquid,
600 2127 675 2194 quod
698 2129 795 2180 teneat
816 2143 867 2180 nos
891 2128 920 2179 et
937 2128 1050 2180 moveat
1074 2126 1123 2178 ad-

111 2203 297 2261 mirationem.
335 2204 409 2270 Quin
431 2205 519 2259 etiam
541 2209 603 2259 tum
626 2224 690 2261 eum
712 2209 787 2260 errat
809 2207 853 2260 vir
875 2205 989 2261 divinae
1011 2205 1123 2274 mentis,

112 2301 252 2352 summum
268 2284 415 2356 ingenium
433 2287 463 2340 et
480 2285 639 2340 mirabilem
659 2286 846 2356 sagacitatem
864 2286 997 2342 ostendit.
1027 2284 1122 2339 Facile

111 2366 156 2418 est
181 2364 297 2420 irridere
325 2368 441 2421 conatus
468 2367 568 2420 horum
595 2365 827 2437 philosophorum
853 2367 884 2421 in
910 2365 1056 2422 vocabulis
1085 2366 1121 2419 ad

112 2444 253 2515 principia
270 2446 444 2503 reducendis.
473 2447 571 2516 Neque
589 2448 707 2500 naturae
721 2447 890 2502 Graecorum
902 2463 993 2516 neque
1007 2445 1122 2516 linguae

111 2539 222 2594 eorum,
255 2527 403 2582 subtiliore
435 2526 616 2581 distinctione
651 2526 791 2581 vocalium
822 2525 914 2580 minus
947 2525 1122 2597 perspicuae,

113 2620 229 2659 casuum
248 2609 276 2660 et
301 2623 416 2661 numero
440 2608 469 2660 et
492 2606 718 2662 extremitatibus
742 2606 906 2676 deminutis,
927 2605 1075 2676 analogiae
1093 2606 1123 2660 11

112 2683 199 2738 1911119
214 2685 385 2756 dominante,
400 2685 584 2741 conveniebat
597 2686 670 2742 ratio
682 2704 766 2755 quam
781 2687 843 2740 Indi
857 2686 948 2741 secuti
961 2687 1058 2756 sunt.¹)
1081 2687 1122 2741 De

111 2764 248 2819 vocabulo
269 2766 328 2820 9010
342 2765 431 2835 igitur
443 2765 500 2821 fere
516 2783 611 2820 omnes
627 2766 787 2821 scribebant
801 2770 830 2820 et
844 2766 1026 2835 quaerebant.
1057 2767 1120 2821 Non

114 2843 328 2913 distinguebant
340 2849 436 2900 tamen
450 2846 602 2914 diligenter
619 2847 650 2899 τὸ
665 2844 755 2914 ὄνομα
765 2872 798 2890 =
807 2862 909 2900 nomen
923 2862 941 2899 a
954 2846 986 2900 τὸ
1005 2841 1121 2915 rippa:

111 2923 196 2978 verbo
216 2927 282 2979 ante
300 2925 491 2994 Aristotelem,
511 2924 560 2993 qui
578 2925 748 2979 videbatui
772 2922 883 2995 ῥήματα
901 2943 963 2980 cum
987 2925 1121 2992 temporis

111 3003 225 3059 notione
253 3021 315 3059 9999
343 3005 499 3060 coniuncta.
543 3004 644 3059 Stoicis
673 3004 807 3060 debemus
834 3004 915 3058 illam
942 3002 1121 3072 disciplinam

112 3101 196 3152 quam
218 3102 269 3140 nos
293 3085 506 3155 grammaticam
534 3083 661 3140 dicimus.
698 3085 743 3139 Ab
766 3085 811 3138 his
834 3100 885 3154 per
907 3083 1060 3136 Varronem
1075 3084 1121 3151 Ι91

112 3163 254 3219 Romanos
272 3165 414 3235 pervenit,
433 3183 450 3219 a
468 3165 603 3219 Romanis
621 3182 671 3218 nos
691 3181 754 3218 eam
777 3162 934 3217 didicimus.
971 3162 1122 3230 Augebant

114 3243 201 3299 Stoici
215 3261 360 3299 numerum
375 3244 509 3300 orationis
522 3245 659 3314 partium,
676 3245 821 3298 habebant
836 3243 909 3297 enim
923 3240 1022 3312 ὄνομα,
1037 3238 1120 3312 ῥῆμα,

183 3442 242 3494 1)vi
251 3443 369 3485 :dim
377 3442 683 3495 =,rrrcdkaaaaradkr
692 3442 813 3481 =r.faoee

168 3506 194 3547 2)
206 3506 237 3542 917
252 3509 313 3544 tarne
312 3504 371 3546 πᾶ
382 3505 605 3558 Μ9191,Ε9911911.
621 3487 820 3552 sesanna
