2460 3840
127 180 171 243 24
472 180 513 235 De
532 178 662 250 genetivo
680 178 792 249 plurali.

126 332 220 409 oium,
249 331 403 391 ferocium.
441 331 501 390 alia
527 331 582 390 illa
604 331 711 408 regula
733 333 779 390 est
802 348 893 406 quam
917 329 972 389 sub
996 348 1010 389 c
1032 329 1137 390 littera

126 420 255 480 diximus
280 412 345 500 (Oh.
366 421 438 498 124,
454 411 519 502 28).

193 507 375 588 ch.130,1
405 508 631 568 Ferientium
657 507 810 567 ferienteis
839 507 918 566 idem
942 507 1018 568 Stilo
1045 512 1137 584 putat

126 600 224 658 facere
239 598 356 675 debere,
369 600 405 656 ut
419 597 579 675 docenteis,
594 597 760 675 saltanteis,
775 596 917 673 quoniam
926 615 1136 675 quaecumque

96 705 226 747 saecum
248 687 334 748 verbi
352 687 419 744 iura
437 687 608 763 traxissent,
627 705 663 745 ea
681 685 861 746 accusativis
879 685 1058 764 pluralibus,
1082 687 1134 746 ad·

125 778 249 837 iuvante
278 773 336 850 [re]
366 774 524 833 dumtaxat
546 775 686 852 genetivo
713 774 838 851 plurali,
866 775 898 833 in
922 777 962 834 eis
985 779 1136 837 sonarent.

192 864 244 925 Oh.
267 864 339 941 135,
360 867 376 922 7
401 863 525 922 lurum
548 861 622 922 (lato
647 861 805 940 Originum
825 863 890 942 VH,
912 865 1011 924 iwrwm
1029 866 1135 939 tryum-

125 972 179 1028 qac
202 949 352 1030 (caltores,
374 952 447 1012 licet
464 947 535 1030 ius>
557 970 683 1010 numero
705 952 819 1027 plurali
836 954 956 1012 tautum
973 953 1062 1013 modo
1081 973 1138 1030 per

125 1042 345 1103 nominativum
369 1043 399 1100 et
422 1040 630 1101 accusativum
653 1043 684 1099 et
706 1041 878 1100 vocativum
901 1042 1076 1121 declinetur,
1100 1046 1135 1102 ut

87 1151 112 1190 ιο
126 1132 234 1209 maria,
257 1150 341 1208 rura,
364 1149 447 1208 aera,
469 1130 545 1190 iura.

194 1220 246 1280 Ch.
264 1221 336 1297 136,
353 1221 392 1277 22
409 1209 520 1299 (Mugil
534 1237 571 1277 an
587 1216 728 1296 mugilis?
751 1217 868 1276 Plinius
883 1218 987 1278 eodem
1000 1218 1077 1278 libro
1092 1220 1137 1278 VI

127 1303 188 1368 ‘hic
206 1303 324 1386 mugil',
342 1307 452 1385 inquit,
471 1301 518 1366 ‘ut
531 1307 618 1384 pugil
633 1309 663 1366 et
676 1305 760 1384 vigil.
793 1306 925 1366 ablativo
940 1308 1019 1365 enim
1033 1308 1135 1386 singu·

126 1399 185 1457 lari
200 1398 336 1458 detracta
351 1399 504 1474 postrema
517 1396 616 1457 vocali
630 1396 750 1472 qualem
765 1398 902 1472 oporteat
915 1396 1137 1458 nominativum

127 1488 311 1565 singularem
336 1504 400 1545 esse
424 1485 568 1563 dinosoes,
591 1487 628 1544 ut
651 1484 688 1543 ab
707 1484 763 1543 hoc
782 1476 928 1565 consule.)
959 1485 1136 1562 mugilum

87 1593 113 1635 15
127 1596 166 1635 an
188 1573 370 1653 mugilium?
407 1577 443 1633 ut
464 1574 592 1652 vigilum
615 1576 645 1633 et
667 1573 819 1651 pugilum,
842 1574 992 1651 mugilum
1015 1587 1137 1652 quoque

127 1665 186 1723 dici
204 1657 332 1741 putato'.
365 1665 525 1740 propterea
542 1663 646 1740 itaque
667 1663 832 1722 ablativum
848 1663 1032 1740 singularem
1046 1683 1106 1724 non
1127 1670 1137 1726 i

126 1753 178 1812 sed
202 1772 215 1812 c
238 1753 341 1811 littera
363 1752 527 1811 terminari.

194 1840 245 1901 Oh.
267 1843 339 1919 136,
356 1843 395 1901 29
420 1841 520 1899 Mars.
553 1833 645 1899 ‘Mars
668 1841 776 1899 horum
794 1834 938 1902 Martum'
957 1842 1057 1919 inquit
1074 1844 1136 1904 Pli-

127 1931 196 1991 nius
222 1924 316 2008 ‘facit,
339 1931 411 1989 licet
435 1947 498 1989 sors
518 1929 645 1988 sortium
664 1932 695 1988 et
712 1949 772 1989 nox
784 1930 918 1988 noctium
936 1931 1038 2009 faeiat,
1063 1953 1137 2010 quo·

88 2039 114 2079 eo
128 2021 210 2080 niam
234 2038 311 2096 quae
333 2019 366 2076 in
388 2018 463 2078 duas
487 2018 680 2078 semivocales
704 2021 758 2078 aut
784 2019 815 2076 in
839 2018 989 2095 duplicem
1011 2014 1137 2098 <conso-

127 2104 272 2188 nantem>
299 2106 506 2184 monosyllaba
533 2107 718 2166 nominativo
747 2111 870 2184 exeunt,
898 2109 971 2168 haee
995 2111 1137 2187 genetivo

125 2198 238 2275 plurali
261 2201 332 2256 ante
354 2215 405 2256 cna
427 2198 438 2255 c‘
459 2195 593 2255 litteram
616 2195 725 2256 habere
748 2190 878 2256 debent’.

194 2286 246 2349 Oh.
268 2288 374 2364 137,4
398 2286 536 2344 Murum
561 2283 663 2344 Cicero
683 2285 718 2344 de
738 2285 862 2344 deorum
881 2289 991 2347 natura
1008 2287 1085 2348 libro
1105 2290 1137 2349 H

127 2394 180 2435 nee
199 2379 274 2435 enim
292 2376 418 2434 homines
436 2393 554 2433 mercen
572 2379 624 2434 oct
643 2375 834 2446 formicarum
851 2393 942 2434 causa
959 2378 1136 2448 frumentum

87 2481 113 2522 as
128 2467 257 2525 condunt.
290 2463 343 2522 ubi
360 2463 477 2522 Plinius
497 2462 601 2523 eodem
620 2463 696 2523 libro
714 2462 755 2521 VI
775 2457 839 2539 ‘pro
856 2457 1008 2542 murium',
1026 2465 1137 2545 inquit,

128 2547 282 2630 ‘qnoniam
310 2571 368 2611 non
396 2554 432 2612 ut
459 2552 541 2611 fures
573 2552 674 2610 furum
703 2554 734 2610 et
762 2570 913 2629 augurum
945 2556 976 2612 et
1003 2556 1136 2614 celerum

128 2641 262 2719 dicimus,
285 2641 330 2700 ita
353 2659 471 2718 quoque
494 2660 613 2700 murum
637 2658 755 2700 censere
779 2635 939 2700 debemus'.
974 2661 1136 2719 quaecum·

128 2749 186 2808 que
211 2731 290 2789 enim
312 2750 328 2788 a·
351 2730 455 2789 littera
481 2729 667 2789 nominativo
696 2729 843 2806 singulari
871 2733 942 2789 sunt
964 2733 1136 2812 terminata,

130 2815 274 2896 [oportet]
299 2838 333 2877 ea
353 2818 492 2896 genetivo
510 2817 623 2894 plurali
641 2836 691 2876 um
709 2837 769 2877 non
787 2821 849 2877 ium
866 2819 998 2895 recipere
1017 2821 1138 2882 debere.

88 2909 232 2984 scitaque
257 2908 390 2984 Trogum
412 2907 449 2966 de
468 2906 647 2966 animalibus
670 2906 746 2966 libro
765 2907 792 2964 X
809 2911 933 2980 perium
950 2927 1139 2970 numeroram

128 3003 154 3058 et
175 2999 334 3071 imparium
355 3015 413 3055 non
434 2998 513 3055 recte
537 2995 655 3072 dixisse,
679 2995 731 3054 sed
753 3014 862 3072 parum
885 2999 915 3055 et
937 2997 1095 3073 impurum.

196 3085 247 3145 Ch.
265 3086 336 3162 138,
353 3086 371 3143 9
396 3084 462 3159 <Ns
479 3080 610 3162 litteris>
628 3085 831 3145 nominativus
851 3086 1012 3163 singularis
1032 3088 1058 3146 si
1076 3092 1136 3148 ter-

129 3176 269 3252 minetur,
289 3173 446 3251 genetivus
463 3173 590 3250 pluralis
610 3176 680 3233 ante
699 3193 749 3232 unc
766 3177 777 3233 i
795 3174 923 3250 recipiat
940 3193 1060 3235 neeesse
1080 3183 1134 3237 est.

126 3265 229 3340 itaque
254 3263 355 3323 Cicero
379 3262 505 3321 rationis
523 3281 638 3322 memor
655 3265 824 3337 parentium
843 3280 930 3338 saepe
950 3264 1030 3326 dicit.
1063 3260 1136 3343 <sed

199 3474 231 3522 32
251 3467 304 3549 dh.
324 3473 387 3536 138,
403 3466 562 3594 9,,,1101110
585 3468 620 3522 de
638 3465 982 3550 Io’tolemaeensibusoquis
1006 3471 1069 3523 est?
1106 3470 1137 3525 Si

127 3538 239 3593 Marcus
253 3538 302 3593 rlle
316 3538 411 3593 rhetor
441 3541 563 3608 rutenus,
578 3555 596 3593 a
609 3539 700 3594 Pl1n10
715 3539 761 3593 h1e
774 3538 852 3593 loeus
867 3539 1072 3596 abrudroandus
1082 3545 1136 3598 est.
