2460 3826
419 155 670 212 Commentariolus
689 156 858 226 isagogicas.
1077 158 1143 215 XXI

126 299 212 354 Plinii
235 298 319 352 simul
342 300 371 352 et
394 297 477 367 Capri
498 298 611 351 nomine
638 301 766 367 ornatur,
790 301 823 353 ut
845 315 879 353 ex
901 299 954 354 hoc
977 299 1140 370 labyrintho

126 380 175 435 vix
193 379 339 433 incolumis
354 377 506 446 quisquam
524 378 635 433 evadat,
664 377 749 447 Capri
766 377 927 449 fragmenta
945 397 1034 450 nuper
1049 380 1140 436 edidit

130 460 162 516 G.
181 458 303 529 Keilius,
328 458 431 513 summi
453 457 543 527 patris
567 457 654 526 filius,
678 457 757 512 cuius
780 457 1008 512 observationum
1032 459 1063 512 in
1087 460 1142 514 hac

131 540 254 595 editione
273 539 412 595 rationem
430 537 581 591 habuimus
602 537 647 605 (cf.
662 537 736 592 Diss.
749 537 887 596 Halenaes
905 538 931 591 X
946 543 1015 593 1889
1033 557 1060 609 p.
1070 544 1140 608 245).

198 620 331 688 Sequitur
349 618 437 672 Iulius
456 617 608 687 Romanus,
627 616 673 672 cui
691 634 741 688 per
754 617 911 672 charisium
930 618 1065 672 maiorem
1082 611 1141 673 fere

126 699 212 754 Plinii
220 699 356 753 librorum
365 697 548 765 reliquiarum
556 699 668 767 partem
677 697 820 752 debemus.
841 697 1140 770 Dehocgrammatico

127 780 258 852 egregius
283 781 362 834 extat
384 776 498 831 libellus
516 777 661 848 Froehdii,
681 778 715 831 de
736 778 764 834 O.
782 778 854 833 Iulio
873 779 1000 833 Romano
1020 779 1142 834 Charisii

125 863 241 916 auctore
265 857 388 929 (Lipsiae
413 859 500 926 1892).
537 856 579 910 De
597 857 690 911 Plinio
714 857 841 913 Secundo
863 859 989 927 loquitur
1010 878 1038 929 p.
1054 865 1140 914 617-

128 946 187 997 632.
225 942 368 994 Romanus
387 939 558 1006 postremus,
577 938 715 1004 quantum
740 937 854 1007 scimus,
873 937 961 992 libros
987 937 1067 992 dubii
1086 954 1142 992 ser·

126 1021 217 1074 monis
235 1020 361 1087 integros
379 1017 464 1085 vidit3
488 1015 537 1084 qui
560 1018 625 1085 post
648 1033 713 1070 eum
736 1016 908 1087 scripserunt
932 1034 966 1072 ex
987 1018 1066 1073 fonte
1083 1016 1141 1087 pri·

127 1101 217 1155 mario
235 1116 292 1153 non
310 1099 367 1152 iam
386 1115 438 1152 sua
455 1096 595 1152 libabant.
627 1097 726 1165 Itaque
745 1097 830 1151 Plinii
848 1096 984 1152 librorum
1004 1098 1141 1167 antiquis-

128 1181 201 1234 sima
219 1178 395 1247 testimonia,
419 1177 520 1246 quibus
539 1176 623 1231 fidem
641 1176 746 1231 habere
765 1193 887 1245 aequum
905 1179 961 1248 est,
980 1181 1046 1233 sunt
1065 1179 1141 1248 apud

129 1257 348 1330 grammaticum
367 1256 474 1312 saeculi
486 1256 545 1311 fere
559 1255 645 1326 tertii,
661 1256 739 1311 cuius
754 1256 846 1326 operis
864 1257 983 1312 lacerati
997 1258 1140 1314 Charisius

127 1344 159 1410 (s.
173 1339 223 1409 IV)
243 1337 367 1393 servavit
384 1338 552 1407 fragmenta.
590 1335 733 1390 Charisius
756 1336 845 1405 igitur
867 1337 956 1392 totius
979 1337 1063 1392 huius
1082 1339 1141 1394 sdi-

125 1419 211 1474 tionis
230 1418 312 1487 quasi
329 1418 545 1472 fundamentum
563 1417 607 1469 est
625 1418 654 1470 et
673 1419 780 1471 certum
800 1416 1141 1473 subsidium-Nonium

126 1500 290 1554 Marcellum
309 1514 342 1553 ex
360 1497 423 1567 ipso
437 1496 529 1551 Plinio
549 1512 630 1550 suam
644 1495 810 1564 doctrinam,
825 1496 1074 1566 quantulacunque
1088 1500 1141 1569 est,

124 1579 305 1649 exscripsisse
329 1578 375 1633 vix
400 1576 535 1633 credibile
559 1578 609 1630 est.
648 1574 761 1630 Certum
786 1578 830 1630 est
856 1574 887 1631 in
915 1576 1008 1646 capite
1036 1578 1072 1632 de
1098 1577 1140 1633 in-

127 1660 256 1715 discretis
285 1657 434 1730 generibus
462 1656 553 1710 multa
579 1654 711 1710 Pliniana
737 1657 837 1711 inesse,
874 1656 935 1711 illis
966 1657 1141 1727 temporibus

127 1743 222 1795 autem
240 1737 327 1793 Plinii
345 1737 481 1792 librorum
499 1735 558 1790 iam
576 1734 688 1804 saepius
708 1738 789 1790 erant
811 1739 944 1806 excerpta
962 1736 1052 1808 facta,
1072 1740 1104 1793 ut
1123 1755 1141 1793 a

124 1820 196 1874 Iulio
215 1820 342 1874 Romano
367 1820 395 1871 et
418 1815 516 1870 Flavio
536 1813 634 1884 Capro.
672 1814 803 1870 Pliniana
826 1815 913 1871 etiam
936 1816 1083 1888 incapite
1100 1819 1141 1874 IV

124 1901 160 1954 de
178 1899 258 1954 varia
276 1895 482 1968 significatione
501 1895 636 1949 sermonis
654 1895 743 1950 latere
763 1896 896 1966 suspicor.
935 1896 1042 1962 Quibus
1062 1899 1139 1952 auxi-

125 1978 172 2032 liis
203 1979 257 2031 hoc
288 1980 415 2046 tempore
446 1977 523 2030 locos
554 1974 698 2029 Plinianos
732 1977 807 2045 apud
837 1976 960 2031 Nonium
993 1980 1139 2048 explorare

125 2059 264 2131 cogimur,
287 2057 332 2112 his
356 2056 451 2112 nescio
479 2073 517 2110 an
542 2055 615 2110 nihil
641 2055 788 2111 lucremur.
825 2056 960 2111 Venimus
985 2059 1021 2111 ad
1043 2057 1139 2112 Chari-

126 2140 207 2207 sium,
227 2137 400 2206 Diomedem,
419 2136 554 2207 Servium,
575 2152 693 2204 quorum
710 2135 818 2204 primus
838 2153 872 2191 ex
885 2136 1021 2206 Romano,
1040 2137 1140 2192 Palae-

124 2235 207 2274 mone
225 2221 270 2287 (ex
283 2221 403 2286 utroque
416 2217 547 2271 Pliniana
561 2216 675 2284 sumpta
689 2219 775 2286 sunt),
794 2214 996 2286 Comminiano,
1015 2217 1088 2272 alter
1106 2235 1140 2273 ex

126 2299 254 2355 Charisio
287 2301 316 2353 et
344 2297 408 2352 aliis
437 2296 630 2368 (Palaemone,
658 2296 788 2351 Terentio
817 2297 945 2367 Scauro),
972 2297 1073 2352 tertius
1106 2314 1140 2353 ex

124 2380 231 2450 ignotis
249 2379 375 2434 fontibus
394 2376 525 2431 Pliniana
544 2376 647 2432 hausit.
684 2376 833 2430 Diomedes
851 2378 963 2446 praeter
982 2375 1140 2431 charisium

125 2459 219 2529 ipsum
238 2459 325 2514 etiam
343 2458 403 2514 eius
421 2457 530 2513 fontem
548 2456 714 2526 primarium
732 2455 868 2526 inspexit,
888 2457 963 2524 quod
982 2457 1091 2528 leepius
1110 2461 1140 2514 et

126 2539 156 2592 in
174 2540 247 2594 Mus.
265 2539 355 2593 Rhen.
370 2544 405 2592 44
424 2539 515 2609 (1889)
535 2541 564 2591 et
581 2554 672 2606 nuper
689 2535 720 2590 in
737 2536 810 2590 libro
830 2552 879 2590 suo
899 2537 953 2590 Zur
971 2536 1139 2593 Geschiehte

126 2620 176 2673 der
193 2619 283 2672 Lehre
311 2636 367 2673 von
390 2619 445 2672 den
467 2617 653 2672 Redetheilen
679 2616 728 2672 bei
750 2617 805 2671 den
831 2615 1019 2672 lateinischen
1041 2617 1139 2672 Gram-

127 2697 270 2752 matikem
292 2716 319 2767 p.
336 2703 369 2752 56
388 2717 416 2754 u.
430 2716 452 2752 s.
466 2716 500 2753 w.
520 2697 590 2752 sah's
613 2697 700 2750 firmis
724 2696 898 2766 argumentis
921 2701 1069 2753 exsecutus
1087 2702 1139 2756 est.

124 2779 206 2833 Anno
225 2777 283 2832 fere
301 2781 354 2830 400
374 2777 488 2846 scripsit
505 2777 681 2848 Papirianae,
701 2776 780 2832 cuius
798 2777 865 2831 libri
883 2778 917 2832 de
936 2779 1140 2849 orthographia

125 2859 289 2927 excerptum
308 2859 388 2910 extat
406 2858 482 2926 apud
501 2857 926 2929 Cassiodomm(K.VlI'168);
945 2858 975 2911 in
994 2859 1047 2914 hoc
1065 2859 1138 2915 libro

125 2955 218 3008 pauca
246 2953 280 2991 ex
306 2934 399 2989 Plinio
425 2936 517 3005 petita
548 2937 668 2991 inveniri
701 2937 771 2992 dicit
798 2937 979 2992 Naumannus
1005 2957 1032 3008 p.
1047 2945 1081 2994 55
1097 2959 1138 3008 sq.

125 3018 242 3074 Saeculo
261 3016 321 3071 fere
340 3014 438 3084 quinto
464 3019 582 3071 exeunte
606 3020 635 3072 et
659 3018 731 3072 sexti
753 3018 846 3088 priore
868 3021 950 3088 parte
968 3019 1138 3092 Priscianus,

126 3098 290 3167 Oledonius,
313 3095 464 3164 Pompeius
487 3095 633 3152 florebant.
671 3097 730 3162 Quo
754 3098 866 3168 longius
890 3098 1084 3168 progredimur
1105 3115 1138 3154 eo

125 3179 216 3250 magis
230 3176 388 3249 periculum
402 3179 494 3230 estne
508 3175 640 3231 Pliniana
654 3177 748 3232 aliena
763 3176 892 3232 doctrina
905 3177 1139 3232 commisceantur

125 3258 171 3313 vel
190 3259 380 3312 obscurentur.
419 3254 594 3323 Quamquam
613 3257 650 3312 ad
668 3257 782 3312 ultimos
802 3256 982 3326 antiquitatis
1001 3257 1070 3310 fines
1089 3274 1138 3328 ap-

124 3337 388 3408 propinquavimus,
406 3334 545 3390 Prisciani
568 3337 710 3391 hereditas
729 3336 860 3391 Pliniana
882 3353 939 3391 non
961 3338 1139 3405 aspernanda

125 3419 176 3472 est.
214 3417 316 3473 Crebro
339 3415 491 3471 incidimus
515 3415 545 3470 in
568 3416 725 3471 doctrinam
742 3416 830 3470 Plinii
855 3415 1032 3471 subtiliorem
1056 3419 1085 3471 et
1107 3417 1138 3471 in

124 3500 253 3553 auctores
276 3497 354 3568 illos,
374 3497 475 3565 quibus
494 3495 557 3551 unis
581 3496 712 3551 Pliniana
735 3512 940 3563 nonnunquam
959 3495 1154 3560 detegamus.
