2460 3840
102 141 181 195 XXII
390 139 641 195 commentariolus
659 140 828 210 isagogicus.

174 282 376 338 Verumtamen
393 283 474 338 varia
497 283 625 337 doctrina
647 285 692 337 tot
714 282 882 353 scriptorum
905 285 1028 354 undique
1052 301 1115 341 con-

104 366 186 433 gesta
204 362 326 432 vestigia
345 363 518 433 singulorum
537 364 608 418 adeo
628 362 742 433 delevit,
760 367 793 418 ut
811 364 886 432 quod
904 381 979 419 5555
997 364 1117 419 fontium

106 443 300 498 Plinianorum
319 442 401 513 copia
424 443 528 498 lucrati
550 459 611 498 esse
635 441 816 510 arbitramur,
839 443 870 496 id
892 443 1000 498 incerta
1025 448 1119 501 aucto-

105 523 191 579 ritate
218 523 391 578 amittamus.
427 523 549 578 Restant
575 526 722 592 praetcrea
746 523 838 578 fontes
866 539 1067 592 anonymorum
1091 528 1120 579 et

106 604 228 660 minores
248 608 280 659 ut
293 604 379 659 Probi
392 602 588 657 institutiones
603 605 646 671 (K.
661 603 718 673 11]),
733 605 765 657 51
782 603 874 658 libelli
889 605 924 658 de
942 604 1053 659 nomine
1072 621 1118 658 ex·

48 681 49 684 ’
105 687 202 754 carpta
221 685 264 754 (Κ.
282 684 323 739 IV
341 686 417 752 207),
442 682 523 751 frgm.
547 682 685 736 Bobiense
709 684 744 738 de
766 684 879 738 nomine
902 687 932 739 et
953 684 1117 754 pronomine

104 763 149 834 (Κ.
167 764 193 818 V
212 768 289 834 555),
319 764 354 817 de
382 761 476 816 dubiis
504 760 664 816 nominibus
683 762 727 832 (K.
747 763 773 819 V
791 767 866 834 511),
893 765 946 818 Ars
969 763 1117 818 Bernensis

104 845 218 913 (Anecd.
232 845 332 913 Heln),
351 841 463 896 Placidi
481 842 592 912 glossae
607 845 645 911 (p.
657 845 710 912 42),
728 844 868 912 praelatio
883 843 975 914 operis
990 843 1118 913 Gregorii

104 923 273 979 Turonensis
292 925 330 992 (p.
346 925 400 992 42),
419 921 542 976 Andanis
561 923 693 990 excerpta
711 922 754 992 (K.
773 923 843 993 VII).

176 1082 348 1148 Quievcrunt
374 1081 466 1135 multa
494 1080 607 1135 saccula
633 1080 770 1149 reliquiae
797 1082 945 1138 Plinianae
973 1082 1117 1152 dispersae

104 1178 192 1231 usquc
225 1163 262 1216 ad
292 1164 389 1216 nostra
416 1163 551 1231 tempora.
594 1161 803 1216 Grammaticus
831 1164 965 1232 antiquae
993 1163 1118 1226 studium

103 1241 251 1297 Lerschius
269 1241 458 1312 resuscitavit,
477 1241 556 1296 cuius
576 1257 662 1311 opera
680 1244 709 1295 et
726 1241 812 1294 Plinii
830 1242 950 1297 Secundi
968 1243 1071 1299 merita
1088 1243 1119 1297 in

103 1321 165 1375 lnce
195 1320 252 1376 sint
278 1321 418 1377 collocata
446 1320 743 1391 (Sprachphiloscphie
776 1322 826 1376 der
851 1321 937 1377 Altcn
968 1324 981 1376 1
1012 1343 1040 1393 p.
1057 1329 1117 1394 180,

103 1402 219 1471 Π158),
257 1402 333 1468 Quae
362 1400 457 1456 studia
483 1403 580 1455 tamen
602 1401 700 1456 florere
726 1400 902 1471 incipiebant
926 1404 987 1455 tum
1006 1404 1118 1458 demum

104 1499 168 1536 cum
190 1480 369 1550 grammatici
390 1480 476 1536 latini
494 1480 567 1535 curis
581 1480 680 1550 Keilii,
698 1480 818 1551 Hertzii,
836 1481 948 1552 Hageni
966 1481 1006 1537 515
1024 1484 1118 1551 prodi·

103 1561 186 1631 bant,
214 1563 247 1614 ut
269 1561 415 1615 doctorum
437 1560 683 1629 disquisitionibus
708 1577 866 1616 succurrere
888 1564 1004 1631 possent
1026 1564 1119 1631 supel-

105 1641 201 1697 lectile
224 1640 323 1695 critica
346 1640 481 1695 adiuncta
498 1639 722 1710 praefationibus
741 1641 891 1710 inquibus
911 1642 945 1696 de
964 1641 1118 1711 codicibus,

103 1722 138 1776 de
158 1720 319 1776 auctoribus
338 1718 458 1788 aliisque
477 1720 560 1775 rebus
579 1720 741 1791 disputatur
758 1721 929 1791 praemissis.

174 1802 215 1855 De
229 1800 315 1854 Plinii
328 1799 410 1854 libris
424 1800 530 1870 primus
548 1800 706 1870 disputavit
714 1802 846 1857 Alfredus
857 1802 1116 1872 Schottmuellerus,

106 1882 136 1936 in
155 1880 354 1935 dissertatione
373 1880 548 1935 Berolinensi
567 1898 591 1937 a.
612 1885 689 1952 1858,
709 1881 759 1950 qui
776 1885 928 1952 postquam
946 1883 981 1937 de
1000 1881 1119 1937 diversis

103 1960 224 2017 Charisii
242 1959 367 2014 fontibus
386 1960 476 2015 fusius
495 1960 568 2015 dixit
591 1961 637 2032 (de
655 1961 824 2019 Palaemone
849 1961 976 2032 erravit),
1000 1979 1018 2017 a
1040 1983 1066 2033 p.
1082 1970 1116 2018 32

102 2041 190 2095 Plinii
211 2040 346 2109 reliquias
370 2041 446 2110 apud
469 2040 628 2096 Charisium
649 2042 716 2096 117
740 2041 894 2112 diligenter
916 2042 1067 2112 perpendit
1089 2047 1118 2098 et

104 2123 138 2177 de
167 2119 283 2175 consilio
312 2123 341 2176 51
368 2120 465 2175 ordine
492 2120 614 2176 maxime
641 2120 708 2174 libri
736 2120 775 2175 VI
802 2121 882 2175 dubii
910 2122 1045 2176 sermonis
1072 2123 1117 2192 (de

11 2226 13 2231 ’
102 2201 210 2257 ultimis
228 2200 373 2256 nominum
392 2201 510 2272 syllabis
530 2204 559 2256 et
577 2199 813 2256 declinationibus
833 2203 938 2270 eorum)
952 2200 1036 2256 valde
1054 2219 1118 2271 pro·

102 2280 212 2336 habilia
229 2280 260 2334 in
283 2281 408 2336 medinm
431 2280 546 2350 prefert.
584 2280 752 2337 Observavit
774 2280 900 2335 ordinem
923 2282 1064 2348 quendam
1088 2281 1118 2335 in

102 2361 195 2416 titulis
205 2361 343 2417 Plinianis
358 2363 395 2415 ad
409 2379 491 2416 casus
505 2361 631 2431 singulos
646 2360 780 2431 digestos,
795 2376 878 2428 quem
892 2360 1045 2415 aRomanc
1059 2361 1118 2416 fere

103 2440 245 2511 integrum
267 2441 398 2496 relictum
420 2457 482 2496 5555
504 2441 565 2496 iure
588 2443 730 2509 autumat,
754 2440 828 2494 unde
853 2442 972 2509 apparet
990 2440 1117 2496 Romano

102 2521 189 2575 Plinii
211 2521 315 2576 librum
334 2521 373 2577 VI
396 2521 432 2575 ob
458 2520 553 2576 oculos
580 2523 722 2576 versatum
751 2535 820 2575 5555.
859 2519 920 2585 Qua
946 2519 994 2575 515
1021 2538 1118 2576 omnes

103 2600 326 2671 observationes,
346 2617 419 2670 quae
442 2601 479 2654 ad
503 2600 660 2656 ablativum
684 2616 779 2654 casum
803 2598 874 2670 sing.
893 2617 969 2673 num.
989 2606 1014 2657 3.
1034 2600 1118 2656 decli-

101 2680 226 2735 nationis
246 2684 377 2751 spectant
390 2680 483 2734 Plinio
503 2680 634 2735 attribuit
653 2679 716 2750 (1.1.
734 2697 763 2748 p.
778 2685 812 2734 35
823 2685 885 2748 sq).
914 2680 1008 2735 Verba
1023 2684 1117 2736 antem

102 2760 166 2829 ipsa
185 2777 203 2814 a
221 2760 313 2814 Plinio
332 2758 441 2815 tradita
464 2775 525 2814 5555
548 2762 643 2829 negat.
679 2759 784 2813 Verum
807 2775 868 2814 5555
891 2761 1013 2815 concedo
1032 2760 1117 2815 Plinii

102 2838 202 2895 titulos
220 2839 385 2909 plerumque
405 2856 465 2894 esse
490 2842 627 2908 mutatos,
650 2838 754 2893 multos
777 2838 854 2894 locos
876 2841 973 2895 tamen
995 2839 1118 2909 vestigia

103 2919 250 2974 Plinianae
269 2918 385 2990 originis
404 2918 553 2974 retinuisse
573 2936 606 2974 ex
625 2917 835 2986 comparatione
850 2921 900 2974 aut
919 2919 1052 2974 similium
1067 2921 1119 2974 ant

104 3016 199 3054 eorum
213 2998 369 3069 titulorum,
388 2997 437 3067 qui
451 3015 485 3054 ex
499 2999 597 3053 eodem
612 3000 726 3052 auctore
741 2998 876 3068 descripti
890 3016 951 3054 esse
964 3002 1116 3070 nequeunt,

79 3080 205 3153 ⁸elucet.
241 3078 349 3133 Plinius
368 3079 414 3133 vel
431 3078 462 3132 in
479 3077 612 3133 laceratis
632 3077 798 3148 fragmentis
817 3095 874 3132 non
896 3078 981 3148 plane
998 3078 1116 3134 interiit.

105 3159 245 3216 Discimus
273 3175 290 3212 5
316 3157 550 3213 Schottmuellero
574 3161 610 3229 (p.
625 3160 671 3227 39)
698 3173 793 3211 omnes
819 3157 931 3227 titulos,
956 3156 986 3211 in
1014 3157 1116 3225 quibus

104 3238 231 3295 Caesaris
251 3240 286 3294 de
305 3237 438 3309 analogia
457 3237 592 3292 librorum
611 3237 662 3291 fiat
679 3236 794 3307 mentio,
814 3254 829 3292 5
847 3236 939 3291 Plinio
962 3228 1124 3293 translatos

103 3336 238 3452 esse'Non
256 3398 348 3452 minus
366 3398 437 3453 haec
456 3397 551 3452 studia
564 3397 697 3453 Pliniana
715 3395 875 3453 sublevavit
887 3395 1032 3465 Augustus
1046 3397 1118 3452 Wil-

93 3478 247 3530 mannsins
262 3477 294 3530 in
316 3477 392 3532 libro
415 3495 502 3548 supra
525 3479 652 3534 laudato.
689 3479 827 3548 Persaepe
850 3476 925 3533 enirn
942 3476 1052 3532 Plinius
1075 3494 1117 3533 re-
