2460 3840
115 157 159 222 84
201 156 414 214 Adnotationes.
432 157 491 213 'De
510 157 641 228 genetivo
660 158 796 231 singulari
813 159 844 214 in
862 177 894 216 os
912 128 1039 216 exeunte.

115 309 212 368 banda
244 309 313 369 sint.
359 306 513 369 Habemus
545 328 617 370 sane
649 311 725 370 nihil
759 311 843 370 aliud
879 311 937 370 nisi
973 311 1124 371 misellum

115 399 279 457 frustulum
301 397 396 458 totius
421 398 455 459 de
479 399 526 458 his
548 400 638 460 rebus
661 401 815 460 doctrinae
838 400 938 459 Plinii.

198 580 248 636 De
271 581 427 649 genetivo
451 580 614 649 singulari
635 581 671 638 in
693 592 741 639 aa
763 584 912 638 exeunte
935 568 978 658 (p.
1000 570 1043 660 2).

182 681 455 743 Grammaticorum
478 685 531 760 qui
554 685 591 744 de
614 684 753 762 genetivo
780 684 812 742 in
836 701 883 744 -as
911 683 1126 761 quaesiverunt

115 772 318 849 antiquissimi
340 776 412 832 sunt
436 772 561 832 Sisenna
585 776 615 832 et
637 774 742 851 Varro,
765 775 835 850 post
858 791 908 832 eos
930 773 1048 832 Plinius
1073 772 1125 832 Se-

115 861 239 920 cundus.
276 859 505 939 Subiungebant
528 862 790 938 quaestiunculam
809 862 913 921 aliam:
936 880 1008 920 num
1027 862 1126 922 dicen-

116 949 188 1008 dum
216 952 299 1009 esset
327 944 442 1025 ‘patres
473 945 624 1010 familias’
658 970 697 1010 an
724 944 950 1010 ‘familiarumt
996 951 1038 1009 Et
1069 950 1124 1010 hos

116 1039 192 1098 duos
210 1041 292 1098 locos
312 1036 503 1098 Charisianos
524 1058 542 1098 a
560 1039 658 1100 Plinio
677 1040 828 1117 profectos
848 1058 922 1117 esse,
941 1058 1127 1117 quamquam

117 1126 206 1203 plane
229 1127 360 1186 intactos
384 1145 447 1188 esse
472 1146 522 1188 eos
545 1148 606 1188 non
633 1129 734 1206 credo,
760 1128 842 1189 ultro
870 1132 1005 1205 apparet.
1051 1130 1127 1188 Erat

117 1215 165 1274 hio
193 1216 351 1293 genetivus
379 1217 591 1295 perantiquae,
620 1219 658 1277 ab
681 1217 908 1296 Indogermanis
931 1220 1072 1294 acceptus
1096 1220 1127 1277 et

115 1304 284 1381 Europaeis
311 1297 497 1386 proprius¹)‚
526 1306 579 1383 qui
606 1306 638 1365 in
665 1307 771 1385 lingua
798 1307 895 1366 letina
918 1325 936 1364 a
958 1306 1127 1367 vetustissi-

117 1394 173 1452 mis
195 1394 382 1470 temporibus
404 1399 592 1473 propagatus
616 1396 766 1456 cotidiano
785 1395 914 1454 maxime
932 1414 991 1454 usu
1010 1395 1129 1454 dicendi

117 1485 148 1541 et
175 1483 296 1561 vulgari
319 1499 409 1543 suum
430 1484 530 1544 locum
552 1485 676 1545 tenebat
697 1485 730 1543 in
752 1484 807 1543 illa
828 1485 926 1543 forma
953 1478 1127 1543 ‘familias'.

117 1572 208 1647 Apud
227 1570 386 1632 Caesarem
408 1592 564 1650 nunquam
581 1574 742 1652 invenitur,
765 1592 886 1650 perraro
906 1573 988 1650 apud
1006 1572 1128 1633 Livium

117 1662 148 1718 et
168 1661 316 1720 Tacitum.
354 1659 441 1730 Quod
464 1664 566 1722 autem
588 1663 620 1722 in
644 1663 723 1723 bello
742 1663 969 1739 Hispan.19‚3
995 1664 1025 1720 et
1047 1661 1127 1721 bello

116 1748 201 1808 Alex.
218 1751 268 1827 58,
283 1752 312 1822 4,
336 1751 418 1825 apud
441 1751 602 1828 scriptores
620 1752 746 1811 ultimae
766 1751 876 1811 aetatis
895 1754 925 1811 et
942 1751 974 1809 in
991 1750 1128 1830 Vulgata

117 1837 231 1915 legitur
253 1857 313 1897 non
336 1839 490 1900 miramur.

183 1926 246 1986 Has
278 1927 390 1987 formas
422 1928 454 1986 in
482 1946 532 1988 -os
562 1929 716 1989 interdum
747 1930 826 1988 male
858 1929 1028 1988 intellectas
1062 1947 1127 1989 esse

118 2015 254 2076 videmus
284 2035 319 2075 ex
346 2016 412 2076 loco
441 2016 626 2077 Sallustiana
651 2015 717 2097 (Oh.
739 2011 830 2098 107),
857 2016 910 2076 ubi
939 2017 1061 2079 Servius
1090 2018 1129 2077 ed

117 2104 208 2181 Verg.
231 2104 306 2164 Aen.
325 2105 369 2165 Π
388 2107 466 2165 801:
499 2126 575 2184 „pro
604 2100 800 2167 ‘custodiae'.
846 2106 891 2165 ita
924 2107 1002 2164 enim
1036 2106 1129 2165 etiam

117 2192 216 2270 Asper
232 2194 394 2272 intellegit,
413 2195 485 2255 licet
504 2195 557 2255 alii
577 2189 760 2256 ‘custodias'
779 2195 987 2255 accusativum
1005 2191 1130 2257 velint“.

116 2281 200 2341 Idem
218 2283 300 2343 valet
319 2284 355 2343 de
374 2302 434 2343 acc.
448 2284 606 2363 Augustas
620 2277 687 2366 (Ch.
705 2276 791 2367 120).
823 2284 852 2342 A
865 2285 984 2344 saeculo
999 2283 1043 2342 VI
1057 2303 1082 2344 a.
1097 2304 1129 2344 u.

116 2370 286 2431 eiusmodi
308 2373 442 2451 genetivi
465 2393 501 2433 ex
523 2393 582 2434 usu
604 2376 805 2434 removentur.
844 2372 931 2443 Quod
954 2373 991 2432 ad
1014 2373 1127 2433 formas

116 2452 234 2536 ‘patres
261 2457 408 2522 familias'
435 2482 474 2521 an
498 2457 713 2522 ‘familiarum'
737 2452 848 2540 magna
876 2464 943 2521 erat
970 2461 1125 2522 dissensio.

117 2548 243 2609 Sisenna
265 2550 333 2611 vult
352 2544 468 2627 ‘patres
491 2545 700 2630 familiarum’,
724 2551 872 2628 approbat
889 2551 986 2610 Varro
1006 2551 1042 2610 de
1065 2551 1085 2610 l.
1108 2551 1129 2611 1.

117 2639 147 2715 8,
164 2640 213 2716 73,
233 2638 286 2715 qui
308 2639 372 2715 ipse
395 2642 498 2699 tamen
517 2640 620 2700 eodem
638 2641 704 2700 loco
725 2643 754 2714 7,
768 2642 811 2699 44
831 2633 958 2698 ‘matres
977 2635 1129 2700 familias'

117 2716 168 2806 (cf.
191 2746 214 2784 r.
234 2746 257 2787 r.
278 2729 306 2802 2,
327 2731 378 2805 10,
397 2721 432 2811 8)
455 2732 487 2788 et
509 2730 591 2806 apud
614 2728 750 2790 0h.107
775 2729 811 2788 de
836 2728 980 2788 scaenicis
1004 2728 1129 2804 origini-

115 2813 172 2872 bus
195 2815 291 2890 primo
316 2819 346 2875 et
368 2817 459 2877 tertio
483 2812 611 2877 ‘matres
634 2812 793 2877 familias'.
839 2817 886 2876 Ex
908 2818 973 2876 loco
999 2815 1129 2876 Charisii

117 2903 260 2962 discimus
283 2905 458 2981 genetivum
480 2907 617 2965 illumin
637 2925 737 2967 -orum
755 2907 916 2984 „quoniam
935 2907 1001 2965 erat
1019 2906 1129 2964 durum

118 2994 150 3051 et
181 2993 271 3070 longe
299 2993 459 3054 iucundius
486 2998 609 3072 patrum
636 2996 768 3055 familias
801 2990 949 3055 sonabat“
977 3013 1037 3053 non
1063 2996 1130 3071 pla·

118 3081 224 3141 cuisse.
269 3081 328 3141 Hic
364 3085 554 3161 agnoscimus
591 3085 772 3144 sententiam
807 3084 899 3143 Plinii
936 3101 1024 3143 aures
1060 3102 1130 3143 con·

118 3171 254 3232 sulentis.
295 3171 457 3232 Praeterea
484 3173 627 3234 Sisennae
655 3174 826 3251 opinionem
857 3172 971 3232 refellit
999 3172 1065 3232 iure
1099 3175 1131 3232 et

117 3259 246 3319 fortiter.
294 3259 417 3321 Oertu'm
445 3267 490 3329 est
516 3263 595 3323 illud
618 3257 751 3340 ‘patres'
775 3262 823 3323 vel
847 3256 974 3321 ‘matres
998 3262 1130 3322 familia·

174 3447 206 3510 1)
229 3446 349 3502 Videtur
367 3466 410 3504 -es
429 3449 475 3504 vel
494 3467 538 3506 -οε
557 3467 622 3506 cum
639 3458 691 3505 -8-
710 3449 813 3504 radicis
832 3447 933 3530 ultima
952 3451 1130 3505 contractum

85 3518 168 3560 esse:
189 3514 228 3568 ef,
244 3518 356 3590 χώρᾱς,
376 3524 439 3594 got.
461 3522 558 3597 gibos,
576 3522 621 3580 lit.
639 3521 755 3593 reatris,
772 3537 829 3577 osc.
846 3521 946 3575 situas.
