2460 3840
128 148 172 212 22
469 147 510 201 116
529 146 658 217 genetivo
677 146 788 217 plurali.

128 297 331 374 inspiciendus
357 298 461 374 itaque
488 297 574 358 nobis
603 301 648 357 est
676 297 797 359 dativus
825 301 855 357 et
883 298 1035 359 ablativus
1067 301 1137 375 plu-

127 387 215 465 raIiS,
242 387 274 444 in
297 389 323 446 is
346 386 494 463 syllabam
517 406 555 446 an
583 387 614 445 in
637 389 690 446 bus
719 389 833 446 exeant.
880 387 983 464 itaque
1006 388 1138 448 fulmina

128 476 302 553 fulminum,
325 476 484 551 lupanaria
502 476 702 551 lupanarium,
726 475 899 535 Saturnalia
918 476 1138 536 Saturnalium.

128 568 182 625 bus
205 565 283 623 enim
312 564 430 641 syllaba
457 564 577 625 dativus
605 568 636 624 61
659 564 810 624 ablativus
833 564 1024 625 clauduntur.
1070 565 1137 625 bal·

91 673 115 714 :5
128 673 254 714 neorum
276 672 346 713 vero
370 656 401 712 et
422 653 588 712 ferreorum
612 653 678 712 ideo
702 653 837 731 dicimus,
861 654 941 729 quod
960 673 1063 714 eorum
1082 655 1135 713 da-

128 744 185 804 tivi
204 747 235 802 et
253 742 379 802 ablativi
397 761 457 801 non
471 744 524 801 bus
542 743 638 801 sedis
656 742 864 802 terminantur.
897 744 1029 802 secunda
1046 744 1136 812 ratio,

129 851 188 909 qua
210 832 326 890 Plinius
355 832 398 889 ait
421 829 565 904 Valgium
592 831 650 889 niti
689 830 760 890 talis
789 834 847 890 est:
874 832 995 891 nomina
1018 850 1138 908 semper

127 921 272 998 pluralia,
301 920 327 978 si
350 922 420 978 ante
443 919 636 980 novissimam
659 939 677 978 a
700 919 835 978 litteram
857 923 869 979 i
890 920 1057 998 habebunt,
1086 920 1136 979 de·

128 1010 228 1086 posita
251 1028 270 1067 a
293 1011 325 1067 et
348 1008 507 1084 adsumpta
529 1027 580 1067 um
601 1009 700 1067 facere
719 1008 874 1085 genetivus
893 1010 1027 1086 pluralia,
1050 1010 1137 1070 velut

88 1117 114 1158 ro
127 1097 277 1156 Liberalia
299 1097 444 1173 Floralia,
467 1096 653 1156 Liberalium
674 1097 853 1172 Floralium3
881 1098 907 1156 si
934 1102 1036 1157 autem
1064 1101 1135 1158 ante

128 1206 148 1246 a
169 1189 180 1245 i
202 1206 263 1246 non
284 1185 445 1262 habebunt,
469 1187 500 1244 in
522 1205 589 1246 oum
610 1186 725 1246 faciant
748 1204 867 1244 necesse
887 1189 933 1246 est
951 1187 1135 1263 genetivum.

128 1276 232 1352 itaque
256 1279 325 1334 exta
347 1277 459 1351 castra,
483 1278 620 1334 extorum
643 1277 810 1333 castrorum
832 1275 956 1333 faciunt.

195 1363 246 1424 Ch.
270 1366 341 1442 146,
361 1366 399 1424 31
425 1364 717 1441 Vectigaliorum
740 1361 905 1423 Cicercad
928 1364 1078 1439 Atticum3
1103 1367 1136 1424 at

128 1454 208 1512 enim
226 1454 257 1512 in
275 1453 391 1513 ratione
410 1453 602 1512 consiliorum
616 1472 747 1526 suorum,
766 1453 818 1511 sed
834 1455 864 1511 61
882 1452 918 1511 de
933 1454 1000 1527 lege
1015 1453 1136 1530 agraria

88 1560 114 1601 rs
128 1545 315 1617 aeetipalium.
353 1545 385 1600 at
403 1560 474 1601 vero
488 1542 585 1601 Varro
605 1542 641 1600 de
660 1540 848 1600 bibliothecis
863 1541 894 1600 H
911 1543 1135 1618 uectioaliorum,

129 1634 160 1690 61
185 1631 309 1690 Asinius
336 1630 434 1690 Pollio
466 1633 680 1705 oratioalterum
710 1633 753 1690 rei
778 1632 915 1704 publicae
947 1649 1049 1690 euram
1076 1648 1136 1691 esse

127 1721 296 1779 babendum.
333 1719 528 1796 vectigalium
549 1720 679 1779 Messala
702 1722 736 1779 de
758 1721 938 1793 oeotioaiium
956 1717 1048 1779 Asiae
1070 1737 1135 1778 ocu

128 1810 284 1886 stitutione,
298 1808 331 1867 P.
347 1827 467 1884 quoque
482 1808 615 1867 Rutilius
630 1809 665 1867 de
680 1809 744 1868 vita
759 1827 814 1867 sua
827 1807 904 1866 libro
918 1807 988 1885 HII,
1003 1807 1135 1867 Scaurus

130 1897 207 1956 libro
231 1896 277 1954 ΠΙ
299 1898 479 1971 oectioalium
500 1915 531 1956 se
552 1900 647 1956 miuus
670 1899 787 1971 fructos.

88 2005 115 2045 66
195 1983 247 2044 Oh.
268 1987 405 2063 141,19
434 1985 686 2044 Poematorum
714 1989 745 2044 61
767 1987 798 2043 16
820 1986 852 2044 Π
878 1990 909 2044 61
934 1986 965 2044 16
986 1984 1034 2043 ΠΙ
1055 1985 1135 2044 idem

127 2075 224 2134 Varro
247 2075 370 2134 adsidue
393 2074 467 2133 dicit
486 2078 516 2133 61
533 2075 579 2134 his
598 2075 754 2152 poematis,
776 2077 931 2151 tamquam
949 2074 1135 2135 nominativo

128 2164 184 2223 hoo
206 2167 379 2240 poematum
402 2163 442 2223 sit
465 2167 496 2223 et
518 2183 578 2223 non
605 2165 660 2222 hoe
683 2182 798 2239 poema.
844 2181 913 2221 nam
937 2165 968 2221 et
991 2161 1135 2222 610166-

121 2271 231 2319 ronem
254 2252 313 2330 XI,
341 2253 449 2312 horum
471 2257 672 2326 poematorum
700 2255 731 2310 et
756 2252 803 2310 his
826 2254 969 2327 poematis
996 2254 1133 2328 oportere

129 2341 196 2401 dici.
233 2342 337 2418 itaque
361 2339 464 2400 Cicero
487 2361 541 2418 pro
566 2339 664 2400 Gallio
682 2345 882 2414 poematorum
905 2342 936 2399 61
957 2341 990 2398 16
1008 2339 1134 2400 Oratore

89 2449 115 2490 as
123 2434 266 2504 poematis
293 2431 378 2491 dixit.
423 2431 475 2489 sed
503 2433 533 2489 et
556 2429 589 2499 Q.
612 2429 734 2488 Laelius
761 2448 798 2488 ex
823 2429 1009 2505 principibus
1037 2447 1135 2506 gram·

128 2519 247 2579 maticis
269 2519 381 2578 librum
404 2537 493 2577 snum
515 2519 559 2577 ita
582 2518 734 2594 inscripsit
757 2512 1135 2591 ς1166111166161616166666

122 2603 344 2682 poematorum'.
390 2607 500 2667 Accius
528 2626 648 2684 quoque
675 2606 924 2666 didascalicorum
947 2605 1038 2666 VIIII
1063 2624 1135 2665 uam

127 2715 214 2770 quam
232 2699 318 2756 ouria
335 2698 405 2755 baec
419 2714 527 2770 acuero
539 2701 748 2770 poematorum,
762 2696 865 2762 Baebi,
877 2687 881 2777 l
894 2711 1035 2770 quamque
1053 2695 1135 2769 uuae

128 2787 262 2844 distillata
285 2786 347 2844 aiio
369 2787 405 2844 ab
429 2787 496 2845 aliis
518 2786 687 2845 siat‘uosoe.

128 2938 181 2992 hac
204 2936 302 3005 regula
325 2935 359 2990 cl.
378 2934 477 2991 Neum.
495 2954 522 3005 p.
542 2941 588 3002 11,
612 2933 661 3002 qui
683 2934 792 3004 relegat
810 2935 848 2988 ad
866 2934 913 2990 ch.
934 2940 1030 3004 61,15
1049 2936 1078 2988 61
1096 2935 1133 2988 ad

127 3007 251 3063 Nonium
268 3025 296 3076 p.
311 3011 363 3061 489
383 3007 480 3061 eodem
498 3006 577 3061 fonte
595 3023 684 3060 usum.
712 3005 861 3061 Praeterea
879 3006 914 3061 cf.
929 3006 1005 3061 Serv.
1019 3005 1050 3059 in
1064 3005 1134 3060 Dan.

126 3079 161 3135 Κ.
179 3080 218 3134 Ν
236 3084 296 3148 466,
311 3084 336 3147 a,
355 3077 451 3147 Pomp.
470 3077 504 3134 Κ.
522 3077 549 3132 V
568 3082 627 3146 rea,
643 3082 689 3144 16,
714 3081 774 3148 rae,
789 3083 894 3133 rsa-r
908 3076 1027 3146 valgius
1045 3076 1135 3129 Rufus

127 3151 187 3222 (oh.
208 3152 332 3220 108,18)
354 3148 467 3218 scripsit
490 3149 537 3202 ‘de
559 3148 642 3203 rebus
665 3164 715 3217 per
738 3148 890 3203 cistulam
914 3146 1072 3217 quaesitis’.
1098 3178 1135 3187 -

128 3228 161 3277 13
181 3219 459 3344 vectigaliorumll
476 3220 510 3273 cf.
525 3218 572 3274 (ih.
588 3226 631 3290 61,
647 3226 679 3274 15
695 3222 723 3273 61
765 3236 808 3275 on.
823 3237 850 3289 p.
865 3224 930 3288 4893
950 3219 984 3272 de
999 3217 1133 3272 Varronis

129 3293 177 3347 ‘de
195 3290 386 3347 bibliothecis'
407 3290 436 3345 vi
456 3307 471 3344 e
488 3290 600 3345 Ritschl
618 3307 661 3360 op.
677 3296 701 3359 3,
716 3295 782 3357 451,
801 3290 920 3345 Scaurus
939 3289 991 3344 hoc
1010 3288 1072 3344 loco
1091 3291 1136 3343 661

126 3363 165 3419 M.
184 3362 320 3418 Aemilius
340 3363 458 3417 Scaurus
481 3362 516 3416 de
538 3361 599 3418 vita
622 3378 673 3416 sua
694 3361 792 3430 tertio,
816 3377 899 3430 quem
921 3360 1025 3414 librum
1042 3359 1134 3416 Diam.
1170 3412 1173 3417 .

127 3433 228 3489 laudat
246 3439 356 3503 66414
374 3436 404 3488 61
422 3438 482 3503 385,
497 3438 539 3504 30,
558 3433 607 3488 ubi
625 3432 717 3503 priore
734 3433 796 3488 loco
816 3435 845 3486 et
857 3432 887 3487 P.
902 3430 1025 3485 Rutilius
1044 3430 1134 3486 Rufus

127 3505 280 3574 antecedit,
298 3507 331 3559 61
348 3504 478 3559 Pliniana
495 3504 566 3560 haee
584 3520 645 3560 esse
665 3503 734 3560 satis
752 3503 933 3559 manifestum
951 3501 997 3558 sit.
