2460 3840
530 165 572 220 De
591 166 682 224 verbo.
1070 167 1112 232 35

101 319 308 394 auctoritatem,
333 316 414 393 quod
437 319 483 374 est
505 315 662 393 analogiae
685 316 819 395 propius,
843 317 915 393 quia
938 320 969 377 et
991 318 1111 395 legerit:

103 409 199 483 neoto,
222 405 313 464 nexui
335 404 384 465 vel
408 405 485 482 nexi,
509 404 663 482 Vergilius
676 407 797 478 poturus
815 407 965 465 cuborum
983 409 1113 467 innexuit

102 497 201 568 aruris,
218 493 324 555 Livius
342 494 374 552 in
389 492 523 570 Odyssea
539 496 685 553 ueuabcut
702 496 794 554 mutto
811 497 886 554 iuter
898 513 936 563 se,
955 496 1111 555 Maecenas

100 585 204 643 ueuisti
220 585 294 642 retia
312 585 388 658 lecto,
407 582 543 641 Lucilius
562 582 724 641 satirarum
744 584 850 660 quinto
865 588 925 643 tum
938 587 1012 643 retia
1024 587 1110 644 uerit.

166 671 406 747 Diom.371,18
427 669 545 747 Quippe
560 671 661 731 sancio
680 672 775 732 sancii
793 672 953 750 faciebant,
971 675 1007 732 ut
1023 672 1109 732 Pom·
1137 688 1151 730 o

101 761 210 837 ponius
230 761 268 820 ad
283 761 446 819 Thraseam
463 763 608 820 saucierct
621 762 652 819 et
665 760 697 818 in
711 762 831 836 passivo
846 759 967 821 Cassius
982 761 1110 823 Severus

103 851 161 924 lepe
178 853 322 910 causitum
336 854 376 908 est
389 848 441 926 ait,
460 849 534 908 item
548 848 708 908 Lucretius
722 853 865 910 saucitum
882 852 1111 924 qucudcquidem

100 943 183 998 eulut.
220 956 274 997 nos
299 940 401 997 autem
425 938 510 997 sanxi
533 937 670 997 diximus.

165 1027 416 1101 Diom.374,13
441 1026 516 1104 sino,
538 1026 604 1104 sivi,
628 1030 663 1085 ut
682 1026 809 1087 Publius
827 1028 961 1087 Rutilius
984 1028 1021 1086 de
1044 1028 1109 1089 vita

99 1134 154 1175 sna
183 1117 284 1189 quodsi
311 1134 356 1175 ue
384 1118 506 1176 iucituru
533 1118 614 1176 ubire
639 1119 784 1192 siuisseut3
813 1116 887 1175 Item
912 1116 1042 1177 Scaurus
1070 1118 1106 1177 de
1121 1134 1147 1175 10

98 1205 163 1265 vita
187 1223 242 1263 sna
264 1205 355 1264 tertio
373 1206 519 1279 proelium
540 1222 600 1264 uou
621 1208 677 1264 sici
694 1207 773 1283 itere}
797 1205 976 1265 Terentius*
999 1207 1108 1266 melius

98 1296 200 1352 tamen
227 1293 339 1353 dicItur
365 1293 416 1371 sii,
448 1297 484 1354 ut
510 1293 607 1353 Varro
636 1294 862 1370 epistolicarum
894 1295 1108 1370 quaestionum

99 1386 182 1441 sexto
206 1383 246 1441 ud
272 1388 390 1442 ucrteru
416 1401 461 1442 rue
481 1385 641 1457 perducere
667 1400 725 1441 uou
752 1385 813 1458 siit3
845 1383 919 1441 item
948 1384 1106 1443 Terentius

97 1471 129 1529 in
152 1471 297 1548 Adelphis
320 1490 379 1531 ucu
400 1474 450 1531 siit
471 1476 587 1545 epactes.
621 1472 733 1531 excello
753 1471 882 1549 legimus
902 1473 1005 1531 crebro
1025 1473 1106 1549 apud

97 1563 223 1638 veteres,
246 1564 282 1619 ut
305 1559 408 1620 Cicero
432 1561 468 1618 de
490 1560 646 1636 republica
669 1562 813 1638 excedunt,
836 1561 909 1620 item
933 1561 969 1620 de
989 1565 1106 1621 oratore
1121 1578 1148 1620 15

97 1649 188 1709 tertio
216 1651 398 1726 cuteceihrut
426 1649 500 1708 item
527 1650 563 1707 de
592 1649 776 1710 divinatione
803 1649 900 1726 primo
925 1652 1106 1729 antecelluut5

99 1736 252 1797 Gracchus
275 1741 432 1813 praeterea
452 1738 591 1797 similiter
609 1738 815 1798 cohortatione
835 1739 948 1798 circum
967 1739 1107 1799 concilia-

97 1826 170 1885 bula
180 1827 362 1902 cutecellout3
378 1824 481 1885 Cicero
498 1827 533 1885 de
549 1825 655 1887 officiis
669 1828 766 1903 primo
777 1829 978 1888 antecellimus.
1002 1848 1107 1888 verum

96 1919 198 1974 tamen
221 1915 323 1974 Macer
344 1914 493 1974 Aemilius
521 1915 747 1994 omithogonias
775 1917 905 1976 secundo
934 1935 999 1976 curu
1020 1919 1107 1977 laude

96 2006 207 2063 excellet
229 2006 329 2064 curuis.
1118 2022 1145 2063 eo

163 2093 260 2152 Diom.
281 2093 353 2170 375,
376 2095 414 2152 16
440 2093 570 2152 sallior
593 2094 735 2170 frequens
753 2094 875 2154 videtur
893 2097 924 2152 et
942 2094 1052 2152 tritum
1071 2097 1125 2152 ut·

95 2182 228 2258 perfecto
251 2184 385 2258 tempore
409 2182 505 2241 salsus
530 2201 596 2241 sum
618 2182 762 2243 dicamus.
795 2183 847 2242 sed
870 2185 987 2242 veteres
1011 2182 1105 2241 ambi·

95 2271 245 2349 gnitatem
273 2271 485 2347 appellationis
516 2271 649 2331 vitantes
679 2275 710 2331 et
742 2271 914 2348 analogiam
946 2274 1106 2348 sequentes

95 2360 215 2419 sallitns
242 2378 315 2418 sum
348 2360 488 2419 dixerunt
515 2380 533 2419 a
559 2360 710 2436 positione
737 2361 813 2420 sallo
843 2379 903 2419 non
936 2361 1039 2436 sellio,
1070 2364 1106 2420 ut

96 2448 259 2507 Sallustius
278 2449 472 2508 historiarum
492 2452 599 2527 quarto
618 2449 663 2509 ait
681 2450 793 2522 reliqua
811 2450 956 2509 ccduccrc
979 2452 1018 2509 cd
1041 2452 1105 2509 diu·
1119 2465 1146 2507 as

95 2541 261 2596 turuituteru
291 2557 363 2598 usus
393 2539 509 2615 seilere3
539 2538 635 2597 Varro
668 2539 706 2597 ad
734 2537 907 2598 Ciceronem
939 2538 1046 2615 quinto
1073 2544 1106 2597 ut

94 2630 243 2685 scrocreut
268 2627 383 2703 saltem
414 2627 494 2686 idem
525 2627 744 2703 antiquitatum
770 2627 970 2686 humanarum
999 2628 1104 2704 quinto

96 2714 210 2773 decimo
239 2720 365 2774 mortuos
391 2717 510 2792 sodoch
539 2714 668 2776 Severus
696 2718 847 2776 distractos
874 2721 958 2789 utque
980 2718 1103 2793 sallitos;

96 2807 126 2863 et
148 2802 302 2862 Fabianus
324 2821 483 2863 causarum
510 2805 601 2864 tertio
629 2823 694 2864 curu
717 2823 785 2864 coro
807 2805 907 2864 scilice
930 2807 1103 2873 diuturnior,

95 2893 199 2952 sallita
221 2894 257 2951 ut
280 2891 406 2951 munita.
438 2894 544 2969 procul
568 2893 658 2953 dubio
678 2894 766 2953 sallio
785 2893 845 2953 dici
863 2893 993 2972 debebit,
1017 2895 1144 2953 cuiusce

94 2982 235 3060 frequens
248 2981 417 3058 perfectum
430 2981 551 3041 videtur
565 2983 684 3042 sallitus
699 3002 765 3043 sum
779 2983 984 3060 potiusquam
998 2984 1103 3042 salsus.

96 3071 261 3131 abscondor
288 3069 450 3130 absconsus
479 3074 509 3130 et
537 3071 741 3149 abscondItus3
768 3073 877 3132 melius
901 3072 1103 3148 absconditus,

95 3240 170 3308 quod
189 3243 232 3294 est
249 3239 389 3309 Propertii
408 3241 454 3310 (cf.
468 3238 554 3294 Prisc.
569 3245 629 3307 536,
646 3243 697 3309 15).
719 3273 753 3282 -
772 3240 987 3307 thiom.375,
1003 3241 1049 3311 19]
1069 3241 1104 3295 de

93 3310 155 3364 loco
179 3310 351 3366 Sallustiano
375 3311 409 3367 of.
429 3310 513 3365 Prisc.
534 3317 598 3379 546,
618 3317 664 3376 123
689 3310 779 3368 Diom.
799 3317 863 3377 375,
883 3318 929 3366 20:
956 3311 1044 3364 Varro
1069 3312 1103 3366 de

93 3381 112 3434 l.
127 3381 144 3435 l.
160 3380 186 3435 V
200 3387 215 3447 ς
230 3386 282 3437 110
292 3382 338 3452 Sp.
353 3415 388 3423 -
403 3387 436 3436 28
451 3381 541 3439 Diom.
551 3386 611 3450 375,
623 3383 668 3454 22]
683 3382 718 3438 of.
729 3383 814 3437 Prisc.
825 3387 886 3453 546,
897 3387 944 3437 21:
959 3379 1103 3436 Cornelius

95 3454 211 3507 Severus
234 3452 264 3507 in
281 3453 347 3509 VIII
365 3455 399 3508 de
420 3456 496 3508 stetu
515 3470 576 3507 suo:
601 3455 639 3509 ad
657 3471 734 3523 quern
752 3455 839 3510 sollici
854 3454 1020 3524 pumiliones
1038 3456 1103 3522 affe·

94 3526 232 3580 rebcutur.
255 3524 322 3579 Veri
337 3524 428 3581 simile
443 3528 486 3580 est
500 3525 575 3595 apud
587 3524 752 3580 Diomedem
766 3524 905 3594 quiedam
918 3523 1102 3580 intercidisse.

912 3614 946 3666 a*
