2460 3840
321 159 363 214 De
381 159 474 214 dubiis
493 159 642 228 generibus
661 162 690 214 et
707 159 839 216 numeris.
1039 159 1082 224 65

70 311 250 370 neutraliter
264 313 367 370 autem
381 311 566 370 curriculum
579 311 713 385 spatium
727 311 765 369 ad
779 310 961 370 currendum
975 313 1083 386 aptum

70 400 121 460 vel
144 400 244 476 ipsum
267 399 406 458 currendi
429 398 570 475 officium,
593 402 630 459 ut
648 397 751 458 Cicero
771 402 802 458 et
820 399 916 458 Varro
940 400 1083 459 locuntur

72 480 163 567 (Non.
185 491 256 565 198,
278 490 355 566 2633
378 487 414 547 K.
434 488 461 544 V
481 479 569 570 576).
614 485 618 494 ’

137 576 174 636 K.
194 577 222 634 V
242 580 351 655 574,1
383 574 502 653 Cyme,
527 577 580 634 alii
604 595 735 654 cymam,
760 580 796 635 ut
814 574 993 635 Volumnius
1016 579 1081 636 stre>

72 667 165 725 dentis
187 668 304 725 dubitur
320 667 433 740 poleda
455 683 554 739 mmor
577 656 642 746 (Oh.
664 668 714 743 56,
734 668 767 741 8;
790 665 865 724 Non.
888 660 974 741 195).
1109 680 1122 721 5

139 754 300 814 Praeterea
320 756 356 814 cf.
375 753 412 813 K.
426 754 454 811 V
474 756 536 813 573
566 756 698 831 carecta,
723 756 786 814 575
806 772 950 831 conpago,
969 771 1083 812 cancer.

562 937 600 992 D.

142 1035 325 1115 Oh.110,8
354 1037 439 1096 Dies
467 1037 633 1096 communis
661 1037 778 1114 generis
802 1041 854 1097 est.
893 1038 945 1115 qni
968 1056 1083 1097 mascu-

74 1127 137 1185 lino
161 1145 269 1203 genere
293 1125 451 1185 dicendum
473 1128 659 1203 putaverunt
681 1127 734 1184 has
754 1144 860 1184 causas
879 1126 1083 1204 reddiderunt,

76 1215 157 1293 qnod
176 1215 238 1273 dies
257 1216 351 1274 festos
369 1217 507 1274 auctores
525 1214 675 1290 dixerunt,
693 1234 753 1273 non
767 1215 873 1290 fostas3
893 1219 924 1275 et
943 1218 1084 1292 quartum
1099 1229 1125 1270 ιο

74 1308 106 1364 et
128 1303 269 1381 quintum
291 1303 452 1376 Kalendas,
475 1323 535 1363 non
558 1306 699 1381 quartam
717 1322 771 1361 nec
790 1304 943 1380 quintam;
966 1306 1084 1363 etcum

73 1392 163 1452 hodie
182 1392 318 1469 dicimus,
340 1393 416 1451 nihil
442 1393 526 1452 aliud
544 1411 636 1469 quam
657 1392 713 1451 hoc
737 1391 784 1450 die
802 1392 1000 1468 intellegitur.
1031 1393 1084 1469 qui

73 1500 145 1542 vero
173 1481 329 1558 feminino,
358 1481 506 1541 catholico
533 1484 677 1556 utuntur,
705 1481 786 1557 quod
813 1479 947 1540 ablativo
975 1498 1047 1539 casu
1071 1498 1085 1540 c

75 1588 136 1630 non
155 1570 214 1629 nisi
232 1571 379 1647 producta
397 1570 529 1644 finiatur,
548 1573 580 1629 et
598 1570 679 1647 quod
698 1569 862 1628 deminutio
883 1569 947 1628 eins
966 1569 1084 1629 diecula

77 1659 124 1736 sit,
143 1678 203 1718 non
221 1659 367 1737 dieculuS,
386 1663 422 1718 ut
440 1660 484 1718 ait
502 1659 661 1718 Terentius
679 1660 755 1732 qaod
772 1660 823 1718 tter·
841 1660 916 1718 addo
935 1660 1125 1719 diecularum

76 1748 173 1806 Varro
201 1751 304 1807 antem
337 1748 486 1826 distinxit,
518 1751 554 1807 ut
581 1747 746 1807 masculino
774 1766 881 1824 genere
909 1747 998 1806 unius
1026 1747 1085 1806 diei

77 1855 199 1915 cursum
231 1836 427 1914 significaret,
458 1837 601 1896 feminino
634 1839 735 1896 autem
766 1836 911 1913 temporis
940 1836 1084 1913 spatium3

78 1925 159 2002 quod
177 1945 263 1985 nemo
283 1926 422 1987 servarit.
450 1944 519 1984 nam
538 1928 569 1984 et
587 1927 749 1984 secundum
768 1925 992 1985 distinctionem
1009 1922 1086 1984 dixit

77 2014 231 2092 Vergilius
259 2018 475 2075 cundrammo
502 2016 574 2089 dies,
606 2015 638 2072 id
665 2017 711 2073 est
738 2017 869 2092 tempus,
898 2017 929 2074 et
954 2015 1003 2073 ille
1025 2016 1086 2074 dies

72 2106 191 2178 primus
213 2106 260 2163 lea·
286 2123 340 2180 pro
363 2123 424 2163 uno
448 2103 504 2161 die.
548 2106 650 2161 tamen
674 2106 705 2161 et
727 2103 871 2161 feminino
894 2122 1002 2180 genere
1025 2102 1086 2161 diei
1099 2118 1125 2158 so

75 2192 209 2269 spatium
227 2192 387 2269 significat,
406 2211 474 2251 cum
493 2192 537 2251 ait
555 2197 700 2266 mpeclata
718 2193 779 2251 dies
796 2192 905 2251 oderat
929 2183 996 2272 (Ch.
1013 2195 1084 2269 126,

78 2283 133 2359 313
155 2280 255 2341 KIV
275 2282 353 2355 2103
375 2281 411 2340 K.
431 2281 458 2337 V
478 2276 565 2360 577).

141 2370 177 2431 K.
198 2370 227 2427 V
247 2372 320 2447 577,
340 2371 382 2430 30
405 2369 578 2428 Diadema
601 2368 719 2446 genesis
742 2368 851 2447 neutri,
873 2371 910 2428 ut
933 2367 1084 2428 Gracchus

69 2477 208 2534 amurca
231 2463 257 2518 et
279 2460 414 2519 diadema
436 2452 511 2539 (exc.
531 2456 582 2518 Oh.
603 2459 676 2536 544,
697 2448 761 2537 30).

142 2545 194 2607 Oh.
214 2549 265 2624 81,
285 2540 382 2630 260)
405 2547 596 2608 Divinitus
617 2565 685 2605 curn
704 2546 839 2623 dicimus,
862 2563 898 2603 ex
917 2545 965 2604 dei
982 2549 1082 2605 mente
1098 2560 1124 2602 ss

77 2635 193 2694 factum
216 2635 432 2714 significamus3
456 2637 556 2696 divine
579 2654 659 2712 vero,
683 2654 751 2694 cum
773 2635 941 2694 laudamus.

561 2799 599 2855 Ε.

141 2902 177 2959 Κ.
193 2900 220 2957 V
236 2903 309 2978 578,
325 2903 345 2958 4
368 2900 468 2959 Ebur
485 2901 604 2977 generis
623 2901 732 2980 neutri,
751 2905 786 2960 ut
800 2901 954 2979 Vergilius
971 2903 1086 2972 inflavit

76 3007 140 3159 {gru
157 2991 378 3159 pinquils)ehur.
412 2989 490 3048 unde
510 2993 540 3048 et
559 2990 699 3068 eburnea,
723 3009 782 3050 non
802 2990 909 3050 eborea
928 2989 1084 3049 dicendum

115 3082 143 3139 h.
165 3082 214 3157 73,
235 3082 253 3137 2
293 3125 299 3137 .
1098 3093 1124 3134 eo

146 3306 163 3354 4
178 3301 282 3372 cyma]
297 3298 476 3368 Volumnium
491 3301 542 3354 aut
555 3298 579 3354 is
594 3299 643 3369 qui
657 3300 769 3371 scripsit
783 3301 817 3355 de
831 3301 868 3356 M.
879 3300 976 3369 Bruto,
990 3300 1085 3354 aetate

74 3371 208 3441 Augusti,
232 3374 283 3427 aut
305 3375 350 3427 est
367 3371 397 3426 P.
416 3370 582 3426 Volumnius
605 3371 773 3441 Eutrapelus
793 3370 933 3428 Ciceronis
957 3369 1085 3438 aequalis

74 3445 147 3498 teste
163 3441 330 3498 Buechelero
340 3443 375 3498 N.
385 3442 481 3498 Jahrb.
490 3448 615 3513 111,126.
636 3443 671 3501 cf.
682 3443 768 3499 etiam
782 3444 835 3497 Zur
849 3440 1083 3511 Quellenanalyse

76 3513 126 3568 des
145 3513 287 3569 Charisius
305 3532 333 3583 p.
348 3519 400 3569 261
412 3533 452 3584 sq.

127 3613 195 3655 Pnnr.
210 3613 263 3655 dub.
275 3624 341 3655 serm.
909 3605 925 3654 5
