2460 3826
412 159 663 215 commentariolus
682 158 852 230 isagogieus.
1047 159 1138 214 XXIII

121 304 197 375 fugit
216 304 252 357 ad
272 302 359 357 libros
377 301 567 356 Varronianos
586 299 715 369 inprimis
733 302 942 373 grammaticos,
960 303 1081 359 maxime
1101 304 1138 358 ad

126 386 229 439 librum
247 384 287 437 XI
305 384 340 437 de
359 383 377 437 l.
397 382 415 436 l.
452 382 485 435 In
507 381 561 434 hoc
583 380 655 433 libro
675 382 881 450 omniomnis,
901 400 973 451 quae
996 385 1033 438 ad
1052 383 1138 439 decli·
1166 383 1172 397 ““

122 465 252 519 nationes
265 462 467 519 vocabulorum
482 461 651 531 spectabant
664 460 709 531 (ef.
720 461 888 532 Wilmanns,
901 463 990 532 praef.
1003 482 1030 533 p.
1037 470 1069 518 31
1077 465 1138 534 sq.).

123 545 274 599 Praeterea
293 543 424 598 adhibuit
442 541 550 595 PlinIus
573 540 661 594 libros
682 542 733 595 ‘de
757 542 882 597 utilitate
905 544 1055 597 sermonis’
1077 544 1137 616 (Ch.

123 631 183 694 123,
198 628 224 695 3)
248 627 277 680 et
302 625 354 678 ‘de
378 638 505 677 sermone
528 619 634 676 latino'
658 620 787 690 plurimis
811 621 894 691 locis,
917 639 952 677 ex
976 640 1030 690 quo
1054 640 1138 692 opere

122 705 228 760 multae
257 705 292 758 de
322 700 524 771 orthographia
553 699 764 756 observationes
796 702 958 757 transibant
989 702 1019 756 in
1051 703 1138 758 libros

122 785 274 840 Plinianos.
295 783 423 850 Denique
437 780 518 835 illum
531 780 624 835 Iocum
637 782 713 851 apud
723 782 883 838 charisium
893 789 934 851 91,
944 789 977 837 26
988 799 1020 837 ex
1031 782 1102 836 libro
1112 783 1139 838 Il

124 865 157 919 de
191 863 377 918 similitudine
409 861 558 916 verborum
589 861 635 914 cui
666 861 790 917 tribuam
822 863 878 917 nisi
910 862 1002 917 Plinio
1033 862 1137 917 nescio.

122 944 306 1000 Manifestum
331 944 374 997 est
396 941 427 995 in
449 941 615 1010 fragmentis
634 942 771 996 Plinianis
794 944 885 998 multa
902 943 1079 999 Varroniana
1096 942 1139 996 in·

121 1026 225 1094 veniri,
252 1039 326 1092 quae
352 1021 408 1076 nisi
435 1021 556 1076 colorem
582 1021 743 1077 Plinianum
768 1041 945 1094 corrumpere
971 1023 1055 1094 velis,
1082 1040 1140 1078 non

123 1105 294 1160 removenda
314 1106 386 1157 sunt.
422 1102 467 1155 Ad
487 1100 645 1156 doctrinam
661 1102 747 1156 Plinii
765 1105 811 1158 vel
830 1104 867 1158 ad
885 1107 1046 1174 praecepta,
1065 1119 1137 1172 quae

123 1185 212 1238 dabat
225 1183 349 1253 pertinet
363 1181 524 1236 dissertatio
538 1180 571 1235 D.
586 1178 742 1234 Detlefseni
754 1180 785 1235 in
799 1181 939 1250 Symbolis
952 1182 1051 1252 philol.
1066 1183 1139 1237 Bon-

123 1263 252 1317 nensium
271 1281 298 1332 p.
310 1268 360 1316 712
371 1280 420 1330 sq.,
438 1261 468 1314 in
486 1261 636 1329 quainter
654 1258 711 1314 alia
729 1261 938 1316 demonstratur
951 1262 1073 1316 Plinium
1088 1279 1139 1317 sua

124 1344 277 1411 praecepta
296 1343 330 1396 de
348 1341 460 1396 casibus
478 1341 509 1393 in
527 1339 674 1395 Naturalis
693 1339 836 1394 Historiae
854 1341 935 1395 libris
954 1359 1010 1395 non
1029 1359 1139 1411 semper

124 1437 185 1475 esse
212 1424 346 1476 secutum.
383 1422 425 1476 De
447 1440 467 1476 a
490 1420 635 1490 geminato
662 1419 693 1472 in
720 1420 865 1474 vocabulis
888 1426 913 1476 4.
933 1421 1033 1476 declin.
1058 1425 1087 1476 et
1109 1421 1140 1475 in

126 1501 190 1554 aliis
209 1502 363 1572 vocabulis,
379 1501 458 1556 cuius
478 1498 690 1554 consuetudinis
708 1498 739 1552 in
753 1500 896 1554 codicibus
910 1500 1047 1554 Plinianis
1063 1503 1140 1556 certa

122 1581 245 1652 vestigia
265 1584 339 1651 sunt,
354 1581 430 1650 apud
445 1579 576 1647 antiquos
595 1579 795 1647 grammaticos
814 1579 886 1633 nihil
906 1579 985 1634 allud
1002 1580 1139 1634 habemus

122 1662 178 1716 nisi
191 1661 386 1722 testimonium
401 1660 471 1714 satis
486 1659 625 1714 incertum
638 1657 684 1727 (cf.
699 1659 866 1731 Brambach‚
881 1660 1017 1730 Neugest.
1029 1679 1056 1730 p.
1069 1662 1139 1728 131).

122 1742 208 1796 Plinii
226 1743 380 1811 praecepta
399 1739 586 1810 grammatica
605 1755 677 1806 quae
698 1740 735 1793 ad
748 1739 982 1811 orthographiam
997 1740 1140 1810 pertinent

124 1822 278 1893 diligenter
296 1823 490 1890 perscrutatus
510 1820 553 1872 est
571 1819 775 1874 Brambaehius
794 1819 825 1872 in
842 1819 928 1890 libro,
949 1837 1033 1889 quem
1055 1821 1139 1875 modo

123 1900 254 1970 laudavi,
283 1900 350 1955 anni
375 1904 452 1954 1868.
489 1897 626 1953 Iudicium
650 1901 745 1954 autem
770 1900 847 1968 quod
871 1900 906 1954 de
928 1900 1014 1954 Plinii
1038 1900 1139 1955 studiis

123 1980 191 2036 tulit
219 1980 305 2034 nimis
328 1981 429 2034 durum
452 1981 502 2035 est.
539 1979 572 2032 In
595 1979 725 2034 eruendis
748 1979 915 2049 fragmentis
941 1984 1006 2048 post
1029 1981 1140 2035 Schott-

124 2061 292 2115 muellerum
316 2060 340 2114 si
368 2059 518 2128 quisquam
545 2058 630 2130 longo
657 2061 793 2130 temporis
821 2060 971 2115 intervallo
1000 2059 1141 2114 laudabili

125 2139 276 2209 diligentia
310 2139 435 2194 studium
468 2154 639 2209 operamque
671 2139 822 2211 impendit,
855 2140 1032 2194 Hermannus
1064 2140 1139 2193 Neu-

124 2238 244 2275 mannus
263 2224 315 2292 est,
335 2221 384 2290 qui
403 2239 427 2277 a.
449 2225 516 2276 1881
537 2219 629 2274 edidit
651 2219 780 2274 libellum
800 2221 851 2275 ‘de
869 2219 956 2274 Plinii
979 2219 1059 2274 dubii
1082 2236 1140 2274 ser-

124 2301 215 2356 monis
234 2301 315 2356 libris
330 2301 451 2356 Charisii
469 2305 498 2357 et
511 2298 651 2355 Prisciani
663 2299 811 2355 fontibus’.
836 2299 909 2352 Nam
924 2299 979 2353 etsi
991 2299 1141 2353 Kirchneri

124 2380 155 2434 in
174 2381 302 2436 Servium
321 2381 417 2436 studia
436 2380 560 2452 (scripsit
574 2378 649 2434 enim
665 2380 712 2434 ‘de
728 2380 818 2436 Servii
837 2378 998 2434 auctoribus
1013 2397 1140 2451 gramm,

125 2477 194 2527 quos
222 2461 284 2531 ipse
311 2462 456 2517 laudavit'
485 2462 517 2516 in
544 2459 680 2515 Fleckeis.
705 2460 776 2514 Ann.
797 2459 928 2530 Suppl.8
951 2479 979 2529 p.
993 2461 1057 2530 469)
1083 2477 1141 2514 non

125 2540 206 2609 parvi
229 2541 317 2612 facio,
341 2543 445 2612 quippe
468 2542 518 2611 qui
541 2545 571 2596 et
587 2539 719 2594 Pliniana
743 2557 760 2593 a
779 2539 875 2595 Servio
898 2542 1011 2594 servata
1033 2538 1140 2594 indica·

126 2620 207 2690 verit,
226 2621 281 2676 hoc
301 2623 424 2677 omniurn
443 2621 631 2677 certissimum
645 2622 697 2690 est,
711 2619 871 2674 Neumanni
885 2619 986 2674 studiis
1000 2621 1140 2690 fragmen-

126 2702 220 2754 torum
239 2718 385 2755 numerum
399 2704 482 2758 valde
502 2704 617 2757 auctum
635 2717 696 2755 esse
711 2703 740 2755 et
758 2717 832 2755 nova
845 2699 947 2755 itinera
962 2701 999 2753 ad
1018 2700 1141 2756 frustula

125 2781 208 2850 plura
225 2780 426 2851 investiganda
444 2783 597 2852 patefacta.
634 2779 842 2835 Animadvertit
859 2780 1041 2836 Neumannus
1065 2798 1139 2835 eom-

124 2860 219 2930 plures
239 2860 390 2930 scriptores
409 2861 445 2915 ab
464 2879 519 2915 uno
538 2861 630 2915 Plinio
649 2860 769 2916 laudari.

196 2941 277 2996 Unde
306 2943 335 2995 et
361 2939 527 2996 Naumanno
554 2943 584 2996 et
611 2940 675 2994 aliis
708 2940 830 3009 contigit
856 2939 947 2993 Plinio
979 2939 1140 2995 adscribere

126 3036 260 3089 magnum
274 3035 421 3073 numerum
434 3018 663 3091 fragmentorum,
678 3037 750 3088 quae
764 3037 848 3075 nemo
862 3020 920 3073 fere
934 3036 985 3089 pro
1000 3018 1138 3073 Plinianis

125 3099 252 3154 habebat
269 3115 361 3168 neque
380 3115 504 3166 unquam
527 3099 554 3152 ei
576 3100 728 3154 tribuenda
751 3117 812 3155 esse
836 3099 1020 3170 cogitaverat.
1057 3099 1140 3153 Prae-

125 3180 204 3233 terea
233 3176 435 3234 animadvertit
456 3178 579 3233 Plinium
606 3179 748 3235 interdum
771 3180 892 3235 Graecos
919 3178 1027 3233 imitari
1054 3178 1141 3247 idque

127 3261 193 3312 ante
212 3259 306 3314 omnia
325 3276 341 3313 e
360 3257 489 3313 doctrina
508 3259 544 3313 de
562 3259 703 3314 adverbiis
721 3277 804 3329 posse
825 3259 1011 3316 demonstrari
1028 3258 1140 3328 (Neum.

126 3355 153 3406 p.
168 3344 203 3391 34
214 3343 279 3409 sq.)‚
308 3342 431 3394 ceterum
454 3338 653 3394 Palaemonem
681 3339 812 3395 aPlinio
837 3340 959 3411 pendere
982 3342 1019 3410 (p.
1035 3341 1140 3410 32sq.).

127 3417 197 3472 Post
214 3418 411 3474 Neumannum
429 3418 520 3474 edidit
543 3419 638 3474 studia
662 3438 713 3475 sua
730 3421 862 3475 Pliniana
882 3420 913 3473 in
930 3423 1140 3489 programmate

127 3516 221 3567 gymn.
248 3499 430 3556 Nordhusani
459 3500 509 3555 ‘de
536 3499 622 3554 Plinii
649 3501 770 3556 Secundi
799 3500 904 3556 studiis
930 3500 1145 3565 grammar
