2460 3840
190 153 281 208 XXIV
479 150 729 207 commentariolus
746 151 915 222 isagogicus.

192 295 345 351 Schlitteus
364 297 465 366 (1883).
490 295 570 349 Hanc
589 293 811 363 disputationem
830 293 890 364 ipse
909 295 1036 349 recensui
1054 295 1084 349 in
1101 295 1204 352 Philol.

190 376 362 430 Rundschau
381 375 407 429 V
427 381 460 430 15
479 395 506 446 p.
520 381 573 430 465
592 377 697 446 (1884),
720 374 803 429 huius
826 374 918 429 libelli
937 375 1028 429 altera
1045 392 1111 444 pars
1131 393 1203 443 quae

191 455 317 510 continet
349 455 560 510 observationes
598 457 632 510 de
670 454 821 524 disciplina
852 455 982 510 Pliniana
1018 455 1089 509 mihi
1119 456 1204 529 longe

190 536 299 607 optima
316 536 474 591 videbatur,

261 616 333 670 Mihi
353 617 384 670 in
406 617 450 670 his
470 615 571 670 studiis
589 616 714 670 versanti
737 615 771 668 de
789 615 828 671 M.
846 615 960 670 Valerio
979 616 1070 670 Probo
1089 617 1204 684 Berytio

190 713 263 765 quae
280 695 366 766 vulgo
387 696 548 751 sentiebant
566 695 619 749 viri
634 695 712 750 docti
731 696 822 748 denuo
841 695 1032 763 percensenda
1051 711 1111 749 esse
1126 695 1203 750 vide-

189 777 300 844 bantur,
319 775 408 845 ipsius
428 792 514 845 opera
533 775 558 828 si
576 792 632 843 qua
651 778 732 829 erant
754 791 840 841 quam
863 773 1018 828 certissime
1041 774 1202 840 indicanda,

190 856 257 924 quia
285 873 393 909 summo
422 855 481 910 viro
510 855 602 909 adhuc
625 854 765 925 permulta
794 853 937 924 adscripta
960 858 1053 924 erant,
1077 871 1202 922 quaere

189 952 257 989 vera
285 937 335 988 aut
357 934 448 988 Probo
476 935 526 989 illo
554 933 663 987 iuniore
691 935 770 987 erant
799 933 967 1003 dignissima
995 938 1045 989 aut
1070 936 1203 1004 anonymi

190 1015 337 1070 cuiusdam
356 1032 423 1069 cura
441 1018 522 1069 crant
541 1015 670 1068 contecta
689 1017 739 1068 aut
762 1012 850 1066 animi
874 1015 1032 1085 sagacitate
1055 1016 1202 1070 nonnullo-

188 1113 248 1149 rum
270 1098 340 1150 orta.
368 1095 406 1149 Et
424 1111 595 1163 quamquam
611 1093 739 1148 omnibus
758 1092 828 1148 locis
842 1093 990 1150 Probianis
1010 1096 1105 1149 sedem
1119 1112 1199 1149 suam

190 1175 337 1245 designare
356 1174 427 1228 milri
445 1191 501 1228 non
519 1173 648 1244 contigit,
668 1173 722 1228 hoc
742 1173 843 1227 saltem
859 1190 904 1228 me
919 1174 1125 1230 demonstrasse
1139 1194 1203 1246 pro-

188 1256 269 1310 fiteor
292 1273 354 1309 cum
378 1255 415 1310 M.
434 1255 549 1310 Valerio
572 1255 664 1308 Probo
688 1249 804 1324 Berytio
823 1253 908 1306 Plinii
931 1252 1018 1308 libros
1042 1255 1121 1309 dubii
1145 1272 1202 1309 ser-

189 1335 280 1389 monis
299 1335 377 1390 nullo
397 1335 508 1391 vinculo
526 1333 742 1390 necessitudinis
757 1350 818 1388 esse
833 1333 1004 1390 coniunctos.
1030 1335 1090 1390 Hoc
1104 1336 1203 1405 magni

189 1418 250 1470 erat
277 1415 412 1470 momenti
439 1415 488 1485 iis,
512 1415 561 1484 qui
588 1413 734 1469 collecturi
762 1416 791 1467 et
813 1413 917 1468 edituri
940 1417 1021 1468 erant
1043 1416 1204 1484 fragmenta

188 1495 327 1564 Pliniana,
346 1498 379 1548 ut
397 1495 500 1564 quibus
520 1512 605 1566 opera
622 1495 675 1549 illa
692 1493 847 1564 Probiana,
866 1510 940 1561 quae
958 1493 988 1546 in
1007 1493 1108 1547 animis
1128 1511 1202 1548 com-

191 1575 315 1644 plurium
332 1575 572 1643 inveteraverant,
590 1591 710 1646 magnas
729 1576 862 1644 pararent
885 1573 1067 1627 difficultates
1091 1576 1120 1627 et
1143 1576 1202 1629 edi-

187 1655 259 1709 tioni
277 1655 334 1724 ipsi
351 1672 455 1724 magno
474 1658 568 1710 essent
585 1654 796 1724 impedimento.

258 1735 297 1789 At
316 1734 340 1787 si
359 1734 421 1803 quis
440 1737 524 1805 putat
542 1735 602 1789 fieri
620 1751 716 1805 posse,
736 1738 768 1789 ut
785 1732 894 1787 Plinius
917 1734 1040 1803 paucula
1063 1734 1202 1803 receperit

187 1813 217 1867 in
242 1830 306 1867 suos
330 1812 416 1868 libros
439 1830 490 1883 per
508 1813 614 1868 amicos
632 1812 741 1868 Valerii
757 1813 842 1869 Probi
860 1817 898 1885 (p.
913 1814 988 1882 XVI)
1009 1858 1015 1871 .
1036 1859 1041 1871 .
1062 1859 1067 1871 .
1087 1831 1138 1885 per
1156 1832 1200 1868 me

187 1893 262 1948 licet.
290 1893 351 1963 Ego
365 1893 395 1947 in
409 1893 504 1964 parvis
519 1895 634 1951 haerere
648 1894 713 1947 nolo
728 1910 832 1963 magna
841 1894 1076 1964 praetermittens.
1101 1894 1201 1962 Neque

187 1973 343 2042 imparatus
362 1973 416 2028 hcc
434 1974 570 2029 iudicium
589 1975 624 2027 de
642 1973 732 2027 Probo
751 1974 823 2042 tero,
843 1974 893 2027 sed
915 1990 965 2043 per
988 1975 1091 2028 multos
1111 1990 1199 2027 annos

187 2052 261 2107 hanc
280 2069 339 2107 rem
358 2053 445 2108 etiam
464 2056 550 2122 atque
569 2053 655 2108 etiam
674 2053 841 2123 ponderavi,
861 2070 894 2107 ex
918 2053 1047 2108 omnibus
1070 2053 1199 2124 partibus

186 2149 250 2187 eam
268 2133 457 2204 consideravi,
476 2133 571 2188 varias
591 2131 769 2201 quaestiones
788 2133 859 2185 mihi
872 2133 1028 2203 imponens,
1046 2137 1107 2188 tum
1121 2134 1201 2202 haec,

186 2215 247 2266 tum
269 2212 320 2267 illa
343 2214 413 2267 mihi
435 2214 493 2284 ipsi
515 2213 653 2282 obiciens,
680 2213 804 2267 virorum
827 2213 973 2267 doctorum
996 2213 1200 2268 sententiarum

185 2310 243 2348 non
261 2293 383 2364 ignarus.
420 2295 473 2361 Qui
491 2294 627 2349 librorum
646 2292 725 2346 dubii
744 2292 879 2347 sermonis
899 2293 1063 2362 cognoverit
1081 2296 1110 2348 et
1128 2293 1200 2347 haec

187 2374 281 2429 omnia
299 2375 452 2445 perlegerit
469 2375 590 2430 fortasse
608 2390 708 2427 manus
728 2373 816 2427 dabit.
853 2373 890 2426 Et
909 2390 981 2441 quae
1000 2373 1061 2443 ipse
1080 2375 1199 2443 probare

184 2451 300 2520 nequivi
322 2453 367 2508 vel
395 2453 508 2508 omnino
535 2470 593 2507 non
615 2453 730 2522 probari
752 2469 835 2523 posse
858 2469 971 2521 censeo,
1001 2470 1081 2522 spero
1106 2454 1198 2508 exiis

188 2532 260 2587 alios
281 2549 310 2588 se
329 2533 526 2600 extricaturos3
547 2532 571 2586 si
585 2535 681 2587 autem
699 2533 729 2586 hi
748 2550 859 2602 quoque
874 2533 1047 2602 argumentis
1064 2535 1201 2588 carebunt

185 2615 301 2682 propter
319 2629 437 2684 magnas
457 2611 649 2683 difficultates,
665 2629 737 2681 quae
755 2613 786 2666 in
804 2613 857 2667 tali
871 2629 900 2666 re
918 2613 1076 2668 necessario
1092 2616 1199 2684 extant,

185 2693 258 2746 ratio
278 2693 399 2748 evincat.

256 2771 297 2825 De
317 2772 352 2828 M.
364 2773 476 2827 Valerio
491 2773 580 2827 Probo
596 2773 710 2843 Berytio
725 2771 825 2842 scripsi
838 2771 868 2825 in
881 2777 1089 2842 programmate
1103 2793 1199 2844 gymn.

185 2850 360 2922 Grcningani
375 2857 452 2907 1886.
479 2854 585 2908 Eodem
600 2853 658 2908 fere
676 2856 801 2923 tempore
815 2852 985 2924 Nettleship,
1000 2853 1043 2907 vir
1057 2854 1092 2908 de
1106 2871 1199 2922 gram-

185 2930 297 2986 maticis
325 2931 422 2986 latinis
450 2933 555 3003 optime
578 2933 709 3003 meritus,
733 2934 768 2986 de
796 2933 850 2986 hac
877 2950 907 2987 re
935 2933 1068 2988 disseruit
1094 2933 1124 2986 in
1149 2935 1199 2989 the

183 3012 302 3066 Journal
335 3012 367 3066 of
391 3012 463 3068 Phil.
482 3013 535 3068 XV
554 3019 604 3067 189
616 3032 656 3082 sq.
679 3014 742 3067 ‘the
776 3013 860 3081 study
892 3013 924 3067 of
952 3013 1024 3067 latin
1056 3030 1199 3084 grammar

185 3107 289 3161 among
316 3091 365 3146 the
387 3093 511 3147 Romans
538 3092 568 3146 in
590 3093 640 3148 the
665 3094 726 3148 first
751 3095 867 3161 century
891 3110 915 3148 a.
936 3094 984 3148 d.'.
1021 3093 1072 3146 His
1096 3093 1199 3148 studiis

185 3172 222 3226 ad
249 3172 358 3242 prelum
390 3172 484 3227 missis
512 3173 628 3243 legebat
658 3173 702 3228 vir
734 3172 870 3241 singulari
897 3172 1071 3227 liberalitate
1102 3191 1197 3228 meum

183 3251 313 3306 libellum
332 3253 367 3306 de
381 3253 495 3308 Valerio
509 3253 610 3323 Probo,
630 3254 666 3306 ad
686 3269 769 3321 quem
787 3253 817 3306 in
835 3253 889 3305 fine
909 3269 976 3306 suae
996 3253 1198 3322 disputationis

184 3332 322 3399 quasdam
350 3333 547 3389 annotationes
577 3332 702 3403 scripsit,
731 3334 765 3387 de
793 3332 883 3386 Plinio
912 3333 981 3401 quid
1009 3332 1127 3388 sentiret
1152 3352 1198 3388 ex-

183 3412 278 3480 posuit
296 3431 324 3482 p.
339 3418 390 3467 201
404 3431 445 3482 sq.
473 3413 604 3468 Pliniana
624 3414 699 3483 apud
720 3412 926 3478 Quintilianum
944 3413 1064 3467 inveniri
1083 3414 1197 3469 demon·

176 3493 286 3546 stravit
300 3494 385 3564 idem,
403 3499 435 3549 ut
451 3511 538 3566 supra
557 3494 622 3550 dixi.
650 3493 813 3549 Arbitratur
827 3493 926 3549 doctus
940 3493 1091 3548 Britannus
1106 3495 1197 3548 totum
