2460 3840
147 148 190 211 42
409 146 626 202 Observationes
645 147 680 203 de
698 148 784 203 variis
802 148 894 206 rebus.

147 318 206 358 nou
228 318 283 375 per
301 318 318 357 r
336 299 470 358 litteram
493 302 633 377 strepere,
656 302 692 359 ut
714 300 794 360 idem
812 299 928 359 Plinius
953 300 1056 360 eodem
1078 301 1157 362 libro

148 387 263 464 scribit,
292 391 322 447 et
345 387 461 448 addidit
488 382 572 447 ‘licet
596 407 628 448 os
652 389 783 464 corporis
808 390 974 465 correptius
996 389 1157 469 diceretur,

148 494 274 536 osvero
297 476 386 536 faciei
408 477 584 554 productius
608 472 778 537 diceretur’.

213 670 419 749 0h.139,15
449 671 519 732 Oxo
547 672 643 732 Varro
672 673 710 732 ad
733 672 906 734 Ciceronem
929 673 1003 732 XIII
1029 675 1103 734 obeo
1133 679 1158 734 et

120 766 305 836 accopulat
325 764 400 834 ficri,
423 761 524 838 inquit
546 762 663 821 Plinius
687 763 831 822 sermonis
855 761 940 821 dubii
962 762 1040 823 libro
1062 761 1115 821 VI.

211 955 302 1015 Probi
319 955 393 1015 Inst.
414 957 468 1034 89,
490 958 531 1017 10
551 949 601 1040 (Κ.
620 949 678 1038 IV)
710 958 786 1016 Item
814 958 845 1015 in
872 958 927 1017 hac
955 975 1048 1034 supra
1075 957 1158 1018 dicta

145 1045 241 1102 forma
255 1044 412 1120 quaeritur
426 1065 444 1104 a
457 1046 556 1105 Plinio
572 1045 718 1122 Secundo,
736 1040 836 1122 paries
850 1046 923 1123 quia
936 1046 1032 1105 isdem
1044 1046 1157 1106 litteris

145 1132 330 1194 nominativo
353 1135 403 1193 vel
425 1136 564 1194 vocativo
588 1153 660 1194 casu
682 1135 800 1194 numeri
819 1135 980 1212 singularis
1004 1134 1157 1214 definitur,

146 1220 254 1297 quibus
288 1223 319 1281 et
347 1223 401 1282 illa
428 1224 562 1303 nomina,
593 1243 670 1302 quae
698 1224 736 1283 ab
764 1242 779 1282 e
804 1225 951 1300 producto
979 1224 1081 1285 venire
1108 1243 1156 1284 re-

105 1310 316 1389 reperiuntur,
344 1332 405 1389 qua
432 1314 467 1372 de
497 1332 587 1374 causa
614 1333 674 1372 non
702 1315 733 1372 et
759 1314 815 1371 hoc
843 1332 951 1373 nomen
979 1314 1018 1373 ad
1045 1331 1059 1372 e
1085 1332 1155 1390 pro·

111 1390 114 1398 ¹
144 1398 268 1459 ductum
290 1403 440 1477 pertinere
463 1403 684 1479 pronuntietur.

209 1594 325 1654 Placidi
348 1597 467 1671 glossae
490 1618 517 1673 p.
539 1588 814 1678 58(cd.1)ouerl.)
838 1593 1056 1674 Ingluviem]
1081 1595 1154 1656 Gor·

142 1685 234 1741 nutus
260 1679 426 1763 ‘ventrem',
449 1685 566 1744 Plinius
591 1679 802 1745 ‘edacitatem'.

210 1877 332 1957 Gregor.
348 1881 457 1939 Turon.
473 1880 504 1937 in
518 1881 611 1954 praef.
625 1880 677 1939 lib.
691 1880 707 1939 I
725 1882 761 1941 de
775 1881 840 1942 vita
852 1884 988 1957 patrum:
1006 1881 1048 1941 Et
1062 1899 1154 1959 quae-

103 1980 129 2021 15
141 1967 220 2026 ritur
242 1987 260 2027 a
284 1968 472 2046 quibusdam,
491 1972 595 2028 utrum
610 1969 675 2029 vita
698 1973 878 2046 sanctorum,
898 1989 937 2029 an
954 1971 1034 2032 vitas
1053 1969 1153 2029 diemo

142 2056 312 2136 debeamus,
330 2057 429 2116 Aulus
450 2055 564 2116 Gellius
584 2076 704 2135 quoque
724 2061 754 2117 et
773 2060 942 2134 complures
960 2058 1153 2136 philosopho·
1211 2050 1215 2058 ’

141 2166 208 2203 rum
219 2146 296 2206 vitas
306 2146 404 2206 dicere
414 2147 588 2207 voluerunt:
599 2166 669 2205 nam
678 2146 795 2206 Plinius
805 2151 911 2207 auctor
924 2148 956 2206 in
970 2147 1061 2207 tertio
1077 2147 1152 2208 artis

141 2235 354 2311 grammaticae
376 2235 453 2295 libro
478 2236 534 2295 ait:
561 2238 638 2295 oilae
660 2239 772 2309 antiqui
795 2239 995 2310 cuiuscumque
1021 2241 1152 2296 uestrum

141 2326 283 2392 dcccciii,
301 2327 351 2384 scd
366 2327 551 2399 prummotici
562 2326 710 2398 pluralem
731 2342 884 2384 cumeram
901 2344 960 2385 coa
972 2329 1153 2400 putaverunt

101 2426 128 2467 so
141 2413 244 2472 lraberc
266 2416 363 2473 uitem.
398 2413 484 2472 Unde
503 2414 697 2473 manifestum
716 2417 761 2473 est
779 2414 888 2473 melius
907 2415 966 2473 dici
984 2415 1079 2475 vitam
1097 2434 1150 2491 pa-

139 2504 230 2577 trum,
250 2521 340 2579 quam
362 2502 451 2580 vitas,
475 2503 547 2580 quia
569 2521 637 2561 eum
656 2503 696 2562 sit
719 2503 877 2563 diversitas
895 2504 1072 2563 meritorum
1090 2503 1149 2564 vir-

139 2592 314 2668 tutumque,
338 2610 400 2650 una
421 2594 524 2650 tamen
548 2609 649 2650 omnes
670 2591 735 2652 vita
754 2593 886 2668 corporis
905 2593 961 2651 alit
978 2593 1009 2651 in
1028 2592 1149 2651 mundo.

207 2782 389 2863 Oh.105,1
415 2785 516 2846 Bonae
540 2787 623 2864 frugi
645 2787 708 2846 sine
731 2806 746 2847 s
768 2790 884 2848 veteres
908 2788 1054 2847 dixerunt.
1097 2788 1149 2847 sed

138 2891 216 2932 nuno
236 2873 358 2949 quidam
376 2874 471 2934 bonae
491 2876 588 2954 frugis
607 2894 704 2935 cums
721 2876 927 2952 pronuntiant,
946 2895 1015 2936 cum
1029 2876 1149 2954 antiqui

99 2977 125 3018 25
138 2962 428 3111 saidltfpppipilitatem,
452 2984 511 3023 non
535 2964 572 3023 ad
595 2965 714 3042 frugem
741 2966 817 3024 hanc
850 2966 1011 3025 elationem
1037 2966 1148 3025 referre

205 3227 256 3287 oh.
279 3231 350 3307 105,
371 3234 388 3291 9
420 3227 625 3309 Φυλακτήριον
650 3231 729 3307 quod
754 3230 860 3291 Graeci
883 3232 1039 3307 appellent
1062 3250 1147 3290 amu-

138 3316 233 3376 letum
256 3318 365 3378 Latiue
389 3319 523 3378 dicimus.
561 3339 630 3378 nam
654 3322 684 3379 et
702 3319 799 3382 Varro
822 3320 992 3380 divinarum
1011 3319 1085 3379 XIII
1103 3321 1148 3380 ita

139 3405 223 3482 dixit,
242 3407 304 3467 sive
320 3408 522 3486 emolliendo,
541 3408 573 3468 id
587 3411 633 3468 est
646 3408 835 3485 infringendo
853 3408 916 3469 vim
929 3409 1010 3487 mall,
1030 3410 1093 3469 sive
1108 3409 1146 3468 ab

81 3495 340 3555 maemuletione
