2460 3840
130 159 196 216 XIV
413 158 666 214 Commentariolus
683 157 853 230 isagogicas.

132 299 331 356 similitudines
360 301 505 356 interest“.
541 301 583 355 De
607 299 740 355 Varronis
770 301 910 356 sententia
936 307 1032 360 tamen
1057 306 1140 376 plura

132 383 268 437 adnotare
286 381 392 450 liceret,
412 380 437 436 si
454 380 522 435 libri
540 397 609 450 quos
628 381 741 450 scripsit
760 382 811 436 ‘de
828 382 955 438 formulis
973 386 1137 441 verborum’

131 465 309 533 superessent
336 463 372 534 (X
390 464 445 532 33).
491 461 551 514 Iam
577 461 756 531 perspicuum
783 464 827 517 est
854 479 887 518 eo
918 466 1044 534 tempore
1076 484 1140 522 cum

129 543 280 613 Dionysius
303 543 397 596 Thrax
424 543 513 596 artem
541 559 620 595 suam
643 542 771 597 condidit
793 543 992 613 schemateque
1016 545 1139 602 declina

130 625 239 678 tionum
258 627 287 679 et
305 621 534 692 coniugationum
553 621 689 692 adiunxit,
703 623 843 678 Romanos
862 640 966 693 eorum,
983 625 1032 694 qui
1051 627 1139 681 scien·

130 705 200 759 tiam
227 704 343 774 linguae
368 701 563 772 inquirebant,
591 701 721 756 claudere
753 719 863 773 agmen.
908 702 1025 759 Constat
1050 705 1139 775 igitur

128 785 284 840 Varronem
308 783 399 838 multa
421 799 439 835 a
457 781 571 837 Graecis
596 780 737 850 didicisse,
760 783 850 838 multa
872 783 965 853 Ipsum
988 784 1136 856 invenisse,

130 866 179 921 sed
207 882 269 919 cum
297 879 349 918 sua
375 863 436 916 tum
462 861 577 932 linguae
604 861 712 916 latinae
734 867 835 918 natura
862 864 1031 933 perficIendo
1054 883 1137 936 opera

130 962 179 999 suo
199 960 260 999 esse
278 941 465 1013 prohibitum:
483 940 573 1011 ipsius
591 943 694 995 natura
712 959 775 996 eum
794 944 828 997 de
846 944 930 998 rebus
945 946 1026 1000 docte
1041 944 1135 1016 dispu-

128 1027 189 1079 tare
222 1024 346 1093 sinebat,
377 1021 500 1076 breviter
533 1020 711 1088 dilucideque
748 1038 808 1077 rem
840 1025 968 1080 omnibus
1001 1041 1138 1096 exponere

128 1104 255 1174 nolebat;
273 1104 373 1173 lingua
389 1103 480 1158 latina
499 1103 534 1157 ob
552 1101 658 1156 multas
677 1117 776 1156 causas
791 1103 828 1157 ad
842 1104 1010 1160 Graecorum
1023 1105 1136 1176 linguae

127 1185 217 1239 instar
236 1200 265 1238 se
282 1182 394 1253 legibus
413 1181 562 1251 analogiae
581 1180 670 1235 subici
688 1198 743 1235 non
760 1199 847 1251 passa
866 1187 917 1241 est.

198 1263 325 1333 Denique
348 1263 379 1317 in
401 1262 452 1316 illa
475 1261 640 1330 quaestione
663 1262 698 1316 de
721 1261 855 1331 analogia
882 1268 911 1319 et
938 1265 1080 1320 anomalia
1104 1282 1136 1321 eo

127 1344 263 1415 pervenit,
282 1349 314 1400 ut
331 1360 388 1398 non
406 1343 573 1397 alterutram
592 1341 623 1394 in
639 1340 737 1411 lingua
751 1342 890 1398 dominari
904 1343 959 1398 sibi
972 1361 1136 1413 persuasum

127 1425 253 1495 haberet,
268 1425 318 1480 sed
331 1426 478 1491 utramque
492 1421 641 1490 imperium
654 1425 762 1492 tenere;
781 1423 900 1478 alteram
915 1423 997 1478 alteri
1011 1426 1136 1480 subsidio

128 1523 189 1561 esse
208 1510 238 1561 et
255 1505 450 1559 emolumento.

198 1586 305 1639 Eodem
318 1584 376 1639 fere
391 1599 445 1651 quo
459 1582 548 1637 Varro
563 1586 688 1650 tempore
702 1581 816 1652 scripsit
829 1582 858 1638 P.
869 1582 1000 1652 Nigidius
1009 1582 1135 1654 Figulus,

126 1664 170 1719 vir
192 1681 296 1736 magna
319 1662 447 1718 doctrina
475 1664 504 1716 et
530 1661 682 1731 industria;
710 1678 761 1716 nec
789 1664 884 1716 tamen
910 1661 954 1716 his
981 1661 1134 1719 viantibus

126 1745 247 1800 multum
268 1743 399 1814 profecit:
422 1741 490 1797 libri
512 1741 572 1796 eius
595 1740 775 1812 grammatici
792 1742 919 1813 (XXXN)
942 1759 998 1796 uon
1020 1742 1135 1797 exibant

125 1825 156 1878 in
172 1825 274 1894 vulgus
288 1825 403 1893 propter
416 1821 618 1877 obscuritatem
636 1823 666 1875 et
684 1821 873 1876 subtilitatem
890 1838 990 1878 rerum.
1017 1821 1135 1893 Scripsit

126 1906 161 1960 de
175 1905 228 1959 hoc
241 1903 301 1960 viro
316 1905 381 1973 post
389 1902 533 1957 Hertzium
545 1905 574 1956 et
582 1901 765 1972 ltoehrigium
774 1902 806 1957 A.
818 1903 956 1958 Swoboda
964 1902 995 1957 in
1003 1903 1076 1957 libro
1086 1903 1135 1971 qui

124 1985 288 2040 inscribitur
303 1984 334 2040 P.
348 1983 458 2054 Nigidii
471 1981 565 2052 Figuli
584 1981 665 2051 Oper.
684 1981 764 2050 reliq.
780 1988 857 2052 1889,
877 1983 953 2051 quod
971 1983 1134 2053 opusculum

126 2081 216 2135 aeque
230 2081 263 2118 ac
276 2062 457 2119 Wilmannsii
471 2061 541 2117 satis
555 2062 672 2116 laudare
685 2078 802 2130 nequeo.
827 2062 907 2128 Quod
921 2080 954 2118 ex
968 2063 1133 2134 fragmentis

125 2144 251 2200 conicere
269 2143 367 2211 liceat,
386 2145 476 2197 totum
494 2159 564 2212 opus
582 2159 639 2196 non
656 2141 704 2196 ria
723 2158 756 2195 ao
774 2142 882 2197 ratione
906 2143 1063 2198 confectum
1082 2146 1133 2213 est,

126 2226 176 2279 sed
193 2225 271 2279 nullo
291 2223 407 2278 consilio
426 2222 550 2291 undique
568 2221 689 2276 materia
703 2226 747 2277 est
760 2225 902 2293 congesta,
917 2227 949 2278 ut
966 2223 997 2277 in
1015 2223 1133 2278 diversis

126 2303 206 2359 libris
228 2305 517 2359 eaedemtractentur
535 2318 588 2358 res.
625 2301 753 2356 Ceterum
771 2303 891 2357 multum
909 2303 983 2357 inter
1006 2319 1036 2356 se
1054 2302 1133 2358 diffe-

123 2388 202 2453 runt,
220 2387 252 2439 ut
274 2384 304 2438 in
322 2385 341 2440 1.
359 2385 398 2439 IV
417 2384 556 2452 quaedam
580 2381 637 2437 sint
659 2382 869 2438 observationes
893 2384 928 2438 de
952 2383 1132 2452 synonymiae

124 2464 265 2532 doctrina,
284 2463 315 2517 in
332 2464 351 2518 1.
370 2463 408 2516 IX
428 2465 457 2518 et
475 2463 501 2516 X
519 2463 554 2516 de
571 2462 665 2517 verbis
683 2462 865 2534 incohativis,
882 2462 913 2516 in
933 2463 951 2519 l.
971 2464 1010 2518 XI
1029 2466 1063 2519 de
1082 2467 1133 2519 ad-

123 2543 233 2599 iectivis
252 2543 281 2597 in
301 2561 382 2614 -osas,
401 2542 431 2596 in
448 2542 468 2598 l.
482 2542 573 2596 XVIII
592 2543 626 2597 de
645 2543 730 2598 verbo
751 2542 967 2614 ‘tintinniendi',
986 2544 1016 2599 in
1033 2545 1052 2602 1.
1067 2546 1132 2601 XIX

124 2624 159 2678 de
182 2623 341 2678 differentia
362 2623 436 2678 inter
460 2623 522 2677 ‘fit’
548 2625 578 2678 et
602 2622 745 2693 ‘tacitur'‚
768 2623 799 2677 in
821 2623 910 2680 LXX
933 2624 968 2679 de
990 2625 1132 2681 adverbiis

122 2703 153 2756 in
171 2706 232 2773 -c'm,
257 2702 288 2756 in
305 2703 323 2759 l.
343 2703 433 2756 XXIII
452 2704 487 2757 de
505 2706 631 2773 tempore
648 2702 740 2772 verbi,
759 2703 789 2757 in
806 2703 825 2759 1.
844 2704 934 2758 XXIV
957 2704 992 2759 de
1016 2709 1132 2760 accentu

123 2785 153 2838 et
171 2783 386 2853 orthographia,
409 2783 439 2837 in
461 2783 481 2837 l.
503 2783 580 2837 XXV
604 2783 638 2838 de
660 2782 753 2839 verbis
780 2783 914 2839 derivatis
937 2783 968 2838 in
990 2787 1076 2852 arto,
1102 2784 1133 2837 in

122 2864 141 2920 1.
161 2864 251 2917 XXIX
269 2864 304 2917 de
322 2865 414 2931 etymo
434 2862 633 2918 vocabulorum
653 2864 778 2918 ‘avarus'
799 2867 828 2918 et
848 2864 1006 2933 ‘locuples’.
1037 2862 1131 2916 Plera-

123 2960 177 3012 que
208 2943 369 3012 fragmenta
400 2942 574 3010 reliquerunt
601 2942 706 2998 Gellius
740 2946 769 2998 et
795 2943 911 2999 Nonius.
956 2942 1132 2997 Percurrenti

121 3023 209 3078 libros
230 3025 349 3093 apparet
366 3021 513 3092 Nigidium
531 3021 704 3090 quaesivisse
724 3024 758 3078 de
778 3023 936 3078 differentia
953 3023 1027 3077 inter
1047 3023 1129 3076 ‘sem-

120 3103 264 3174 piternus’
299 3104 328 3157 et
356 3103 539 3173 ‘perpetuus'
569 3103 662 3173 (frgm.
684 3103 720 3173 Ι),
751 3103 826 3157 inter
858 3101 1071 3158 ‘vetustiscere'
1102 3105 1131 3157 et

123 3184 320 3239 ‘veterascere'
340 3183 431 3252 (frgm.
450 3183 508 3252 ΠΙ).
547 3181 637 3247 Quam
659 3182 816 3238 doctrinam
834 3183 966 3238 colebant
982 3181 1041 3235 iam
1060 3182 1129 3236 Cato

122 3266 152 3317 et
168 3263 257 3318 Varro
282 3263 328 3334 (de
347 3262 484 3318 different.
504 3263 598 3331 script.
617 3263 667 3318 lat.
685 3281 712 3332 p.
728 3267 764 3334 4).
801 3263 923 3318 Multum
945 3261 1131 3318 versabantur

121 3341 151 3395 in
173 3343 242 3414 ipsis
265 3343 411 3398 vocabulis
434 3343 603 3412 tractandis,
630 3345 659 3398 et
682 3342 799 3412 antiqua
821 3342 960 3399 vocabula
982 3343 1130 3398 resuscita-

121 3421 190 3476 bant
219 3423 446 3494 (glossographi).
486 3422 557 3477 Tum
590 3424 626 3476 ad
658 3440 744 3477 unam
776 3423 897 3493 speciem
928 3422 1129 3478 vocabulorum

100 3498 204 3548 oeulos
231 3504 451 3574 convertebant,
484 3503 606 3575 exempli
631 3502 726 3576 gratia
748 3503 786 3558 ad
808 3519 842 3559 ea
865 3520 938 3572 quae
961 3501 1077 3559 exibant
1098 3501 1129 3557 in
