2460 3826
382 146 632 203 commentariolus
650 147 819 219 isagogicas.
1064 147 1104 202 XI

91 290 187 346 hercle
213 289 370 361 imparatus
398 290 435 343 ad
457 290 513 345 hoe
534 305 604 359 opus
628 289 760 359 accessit,
787 289 843 344 imo
866 293 958 345 totam
979 307 1039 344 rem
1061 307 1103 344 re-

92 369 259 426 motissimis
290 369 322 424 in
351 369 421 424 locis
453 371 654 439 perscrutando
685 369 797 439 penitus
829 374 1003 439 pernoverat.
1043 371 1105 425 Iam

90 469 228 521 magnum
249 466 396 505 numerum
419 449 615 518 opusculorum
638 449 668 502 in
695 450 787 504 lucem
811 449 943 504 emiserat
964 450 1042 504 velut
1068 449 1103 505 de

91 531 265 601 antiquitate
283 529 442 596 literarum,
462 529 497 582 de
516 528 625 598 origine
643 529 757 599 linguae
778 529 898 600 latinae,
918 529 953 583 de
972 529 1104 584 similitu-

91 611 158 667 dine
176 611 325 668 verborum
343 607 510 680 (analogia),
529 609 565 662 de
588 625 714 664 sermone
736 608 827 665 latino
846 608 1005 681 (addiderat
1023 625 1103 677 prae-

92 693 176 760 cepta
195 691 230 745 de
248 706 278 744 re
296 687 433 758 metrica),
453 690 505 743 cet.
543 687 732 744 continebant
749 689 818 744 libri
835 690 870 744 de
892 689 990 759 lingua
1012 688 1104 743 latina

91 773 184 826 totam
211 767 427 839 grammaticam
454 767 472 823 i.
493 785 515 822 e.
539 768 752 838 etymologiam,
780 769 1016 838 morphologiam,
1040 785 1103 836 syn-

90 850 189 906 taxim.
225 848 376 904 Rationem
395 847 508 917 quidem
528 848 684 904 Stoicorum
704 848 874 920 (Chrysippi)
892 852 921 904 et
938 846 1103 903 Alexandri-

93 946 193 986 norum
212 928 432 1002 (Aristophanis,
456 927 623 999 Aristarchi)
646 929 883 999 amplectebatur,
908 931 940 984 ut
957 929 988 983 in
1006 926 1103 982 multis

92 1010 177 1065 rebus
197 1026 287 1078 aeque
306 1011 392 1077 atque
409 1008 473 1062 illos
496 1025 628 1078 peccasse
652 1026 715 1063 eum
737 1009 837 1080 negari
858 1027 915 1064 non
937 1009 1034 1080 possit.
1070 1009 1103 1062 In

92 1091 249 1146 enodandis
269 1091 298 1144 et
311 1089 485 1158 explicandis
498 1088 644 1144 vocabulis
663 1106 748 1159 saepe
766 1091 803 1144 ad
817 1090 954 1146 dialectos
967 1091 1104 1145 Italorum

91 1170 248 1242 relegabat,
268 1172 300 1224 ut
318 1168 496 1238 Sabinorum,
517 1168 659 1241 Oscorum,
679 1171 844 1239 Tuscorum,
864 1173 929 1236 oet,
950 1169 1103 1225 dialectum

91 1250 271 1319 Umbrorum,
290 1249 365 1319 quod
384 1247 517 1317 sciamus,
536 1248 669 1318 neglexit.
705 1247 798 1302 Verrii
816 1248 911 1303 Flacci
928 1248 1102 1318 temporibus

91 1333 123 1385 et
136 1331 282 1387 Gallorum
295 1329 393 1398 lingua
408 1332 436 1382 et
445 1328 613 1383 Umbrorum
627 1328 765 1382 dialectus
780 1327 885 1381 auxilio
899 1328 1102 1399 arcessebatur,

92 1411 131 1465 ad
149 1428 222 1480 quae
241 1409 348 1465 auxilia
365 1409 520 1463 accedebat
537 1408 636 1478 lingua
650 1408 826 1475 Graecorum,
845 1424 902 1476 qua
920 1410 1015 1461 tamen
1032 1425 1102 1478 pau-

91 1489 175 1546 latim
196 1491 227 1544 in
246 1488 416 1544 deducendis
434 1487 580 1542 vocabulis
604 1488 801 1554 abutebantur,
815 1490 848 1542 ut
865 1489 937 1542 haee
953 1487 1103 1542 verborum

92 1571 245 1640 explicatio
264 1586 281 1622 a
300 1568 473 1635 Quintiliano
492 1569 505 1620 I
523 1572 548 1637 6,
563 1572 667 1621 28-39
687 1568 790 1622 acriter
811 1567 1027 1637 vituperaretur.
1062 1568 1103 1622 At

95 1650 154 1705 sint
170 1650 278 1704 multae
296 1665 388 1719 nugae
407 1649 436 1702 et
454 1646 578 1717 ineptiae
596 1647 627 1701 in
644 1649 770 1701 veterum
788 1647 877 1719 libris,
896 1665 966 1717 quos
986 1648 1102 1719 scripse·

91 1732 159 1785 runt
177 1730 212 1784 de
230 1729 340 1799 lingua,
360 1728 514 1783 erraverint
532 1727 697 1782 creberrime
717 1731 746 1782 et
765 1729 943 1799 stultissime,
961 1730 1104 1798 permulta

92 1812 124 1865 et
140 1813 217 1866 recte
237 1808 455 1879 explicaverunt.
483 1807 520 1861 Et
534 1809 671 1875 quantum
684 1808 789 1863 nostris
804 1825 915 1878 quoque
928 1809 1102 1878 temporibus

92 1893 217 1946 erratum
236 1888 274 1944 sit
290 1887 427 1956 relinquo.
459 1887 609 1941 Praeterea
627 1904 662 1941 ne
680 1905 731 1943 nos
750 1888 864 1957 quidem
881 1889 912 1943 in
930 1889 1027 1944 multis
1046 1908 1104 1947 ms-

91 1971 164 2026 liora
177 1969 330 2025 docuimus.
358 1969 400 2022 De
409 1968 534 2022 Varrone
548 1966 742 2022 testimonium
756 1968 881 2038 Benfeyi,
899 1969 953 2024 viri
967 1970 1102 2026 scientiae

91 2050 205 2121 linguas
235 2048 310 2103 inter
341 2064 371 2102 se
403 2047 586 2117 comparandi
611 2047 776 2117 peritissimi
803 2048 856 2102 hoc
882 2048 943 2102 loco
971 2050 1103 2107 exhibere

90 2147 214 2200 aequum
236 2132 292 2184 est:
321 2129 394 2199 „Der
411 2144 507 2197 grosse
526 2126 745 2197 grammatische
765 2126 841 2182 Eifer
858 2129 917 2183 und
934 2130 1037 2200 Fleiss,
1056 2131 1102 2185 die

93 2210 292 2266 umfassenden
315 2207 544 2277 antiquarischen
568 2207 698 2275 Studien,
722 2207 768 2261 die
790 2224 846 2262 von
868 2209 924 2263 den
946 2210 1032 2264 Alten
1054 2227 1102 2280 ge·

92 2291 204 2346 rdhmte
227 2290 286 2343 und
307 2289 380 2344 auch
402 2289 433 2342 in
455 2288 510 2342 den
532 2305 584 2342 uns
607 2304 662 2342 von
684 2288 773 2342 Varro
797 2288 961 2344 erhaltenen
979 2290 1102 2346 Werlren

91 2371 150 2425 und
172 2371 360 2439 Fragmenten
390 2368 619 2423 hervortretende
641 2366 794 2421 Kenntniss
818 2368 867 2422 dos
894 2369 1103 2425 Altrbmischen

91 2451 150 2505 und
168 2451 218 2504 der
240 2448 389 2503 italischen
408 2448 538 2502 Dialekte
556 2447 651 2500 wfirde
674 2447 735 2500 ihm
757 2446 906 2502 sicherlich
929 2451 1036 2504 sowohl
1058 2451 1103 2505 far

92 2531 139 2584 die
167 2529 334 2585 Geschichte
367 2528 416 2582 der
444 2525 747 2597 Sprachwissensohaft
777 2527 948 2599 uberhaupt,
977 2530 1020 2583 als
1053 2531 1102 2585 der

91 2608 249 2663 rbmischen
276 2608 399 2678 Sprache
429 2607 611 2662 insbesondre
644 2605 726 2660 einen
757 2607 979 2662 unersetzlichen
1001 2609 1102 2665 Warth

92 2686 236 2743 verliehen
253 2688 363 2742 haben“
383 2687 560 2757 (Geschichte
579 2688 629 2741 der
648 2685 915 2755 Sprachvvissensch.
934 2706 961 2757 p.
978 2693 1050 2760 167).

160 2767 203 2822 De
216 2767 296 2822 libris
305 2768 439 2822 Varronis
454 2765 646 2838 grammaticis
661 2765 816 2821 Ritschelio
830 2771 983 2836 praeeunte
998 2770 1060 2840 (Op.
1073 2773 1101 2840 3)

94 2847 207 2919 scripsit
224 2849 369 2918 egregium
394 2865 463 2918 opus
482 2850 513 2902 A.
533 2847 705 2916 Wilmanns‚
727 2846 762 2899 de
780 2846 817 2901 M.
837 2847 950 2903 Terenti
967 2850 1102 2905 Varronis

91 2928 171 2983 libris
186 2927 385 2998 grammaticis,
400 2927 580 2995 Berol.1864;
594 2926 683 2982 libros
697 2924 1102 3000 delingualatinaquisuper·

93 3009 159 3062 sunt
171 3007 259 3060 v-X
277 3007 384 3076 optime
402 3007 492 3062 edidit
509 3007 610 3062 iterum
630 3005 773 3077 Spengelii
791 3006 865 3061 filius
883 3011 965 3077 patre
983 3014 1103 3067 mortuo.

161 3087 213 3142 His
231 3087 325 3155 libris,
344 3103 462 3154 quorum
480 3103 611 3142 numerus
636 3089 698 3141 erat
716 3086 806 3157 XXV,
831 3087 890 3142 sine
913 3088 999 3144 dubio
1022 3106 1104 3159 prae·

90 3167 208 3222 miserat
226 3183 274 3220 eos
293 3166 342 3235 qni
361 3169 426 3220 sunt
444 3166 479 3219 de
498 3166 670 3236 antiquitate
688 3165 855 3237 litterarum,
875 3167 910 3221 de
929 3168 1036 3238 origine
1050 3170 1103 3224 lin-

91 3264 164 3317 guae
191 3246 374 3316 latinae‚,de
400 3244 583 3300 similitudine
606 3247 767 3314 verborum,
797 3246 832 3300 de
855 3263 981 3302 sermone
1003 3248 1104 3323 latino,

89 3327 209 3381 fortasse
223 3326 311 3382 etiam
325 3327 360 3382 dc
375 3325 493 3395 syntaxi.
517 3325 732 3380 comitabantur
746 3341 793 3380 eos
808 3324 929 3394 epitome
945 3330 973 3380 et
987 3328 1101 3384 libellus

90 3407 125 3461 de
148 3408 334 3476 grammatica
361 3405 401 3476 (in
427 3404 507 3458 libris
533 3403 671 3473 Discipl.).
714 3404 811 3459 Libros
839 3421 909 3472 quos
938 3406 998 3462 dixi
1015 3409 1103 3464 V-X

91 3485 216 3541 servavit
234 3503 290 3541 non
307 3486 432 3556 integros
451 3485 538 3539 codex
552 3485 730 3539 Florentinus
748 3483 779 3537 in
792 3484 970 3539 bibliotheca
980 3489 1108 3542 Laurea-
