2460 3840
390 222 640 278 Commentariolus
658 221 829 293 isagogicas.
1009 225 1116 280 XXVII

96 384 160 421 rum
177 366 394 436 regularumque
413 365 534 421 colorem
552 365 729 437 agnovimus,
744 368 841 420 tamen
854 383 911 421 non
924 366 1016 421 minus
1036 384 1112 423 eom-

100 447 184 502 mode
200 446 236 500 ab
250 445 285 500 iis
300 461 370 514 quos
384 444 445 515 ipse
461 444 588 514 sequitur
601 448 715 516 sumpta
731 462 817 514 quam
831 445 942 500 adeius
957 447 1116 518 exemplum

98 544 117 582 a
139 525 342 597 posterioribus
365 525 485 581 conficta
507 541 569 580 esse
591 526 717 596 possint,
742 542 860 594 quorum
882 524 973 580 maior
994 543 1061 597 pars
1084 527 1115 581 in

98 606 241 677 capitibus
259 605 294 660 iis
313 603 498 676 reperiuntur,
512 620 587 673 quae
605 607 672 661 sunt
690 606 726 660 de
740 604 834 660 dubiis
853 604 998 660 nominum
1016 606 1114 661 formis

101 690 131 742 et
150 687 184 741 de
204 684 363 741 differentia
380 685 529 740 verborum
547 688 584 756 (p.
599 688 725 755 45sqq.).
753 686 847 754 Atque
865 684 896 738 in
909 687 1041 741 contextu
1054 702 1115 741 rer·
1149 681 1153 688 '

100 766 200 820 borum
217 765 291 818 hanc
309 763 447 818 rationem
465 767 578 820 secutus
593 784 662 837 sum,
681 768 715 820 ut
731 764 827 837 potius
840 765 963 836 paucula
975 765 1114 821 vocabula

103 842 272 914 excerptoris
299 842 409 898 intacta
436 843 623 912 relinquerem
651 862 738 914 quam
764 847 857 899 totum
882 843 976 900 locum
998 845 1115 900 circum·

100 924 219 980 cidendo
247 923 417 979 mutilarem.
455 923 556 979 Omnes
583 925 632 994 qui
661 925 821 994 fragmenta
847 923 956 980 solutae
979 923 1114 980 orationis

103 1004 152 1074 qui
175 1003 306 1060 dicuntur
333 1002 501 1073 scriptorum
528 1005 628 1076 edunt,
657 1005 747 1061 vereri
775 1005 938 1060 debentne
960 1007 1114 1075 excerptor,

103 1101 176 1153 quae
201 1084 257 1139 sibi
281 1083 451 1154 displiceant
473 1084 600 1155 omittat,
629 1102 701 1154 quae
725 1085 858 1155 placeant
881 1085 978 1140 addat.
1013 1085 1114 1154 Itaque

101 1167 215 1219 tantum
234 1165 315 1220 abest
332 1167 365 1219 ut
381 1163 517 1219 librorum
536 1166 616 1220 dubii
633 1165 768 1221 sermonis
787 1164 922 1233 reliquias
939 1166 1065 1235 integras
1083 1163 1115 1219 in

101 1245 195 1300 lucem
213 1244 341 1300 emittere
359 1243 430 1298 mihi
448 1243 557 1315 videar,
579 1248 611 1300 ut
629 1246 704 1303 ultro
724 1261 770 1300 me
787 1245 885 1315 magni
898 1245 990 1315 operis
1008 1245 1114 1299 minus-

104 1324 196 1379 culam
214 1327 324 1395 partem
342 1324 478 1379 intortam
496 1326 526 1379 et
544 1325 742 1381 conturbatam
760 1324 1009 1396 grammaticorum
1023 1324 1115 1378 mani-

103 1405 157 1460 bus
175 1404 274 1460 offerre
291 1405 432 1475 profitear.
468 1403 645 1474 Quamquam
663 1409 692 1461 et
711 1405 751 1460 sio
770 1404 885 1474 quidem
902 1406 968 1474 post
980 1403 1113 1459 Varronis

102 1484 237 1540 librorum
259 1484 393 1554 reliquias
416 1483 544 1554 inprimis
568 1485 655 1555 digna
679 1488 755 1557 sunt,
779 1500 852 1554 quae
873 1483 904 1537 in
926 1501 1013 1537 unum
1036 1482 1115 1537 oolli-

102 1567 213 1636 gantur.
249 1564 456 1619 Adnotationes
479 1563 594 1620 criticae
617 1582 690 1634 quae
714 1565 845 1621 dicuntur
867 1565 943 1621 intra
961 1582 1025 1619 suos
1043 1564 1113 1619 fines

103 1645 272 1700 coercendae
302 1661 364 1700 esse
394 1644 466 1698 mihi
496 1644 673 1702 videbantur.
719 1645 886 1714 Plerumque
912 1647 973 1701 tum
1001 1646 1114 1700 demum

101 1725 231 1780 codicum
254 1724 422 1795 scripturam
443 1725 546 1796 adieci,
570 1726 621 1780 aut
639 1725 676 1779 ad
694 1724 780 1780 Keilii
798 1727 966 1796 apparatum
985 1725 1113 1780 criticum

102 1805 228 1875 relegavi
242 1821 306 1859 eum
323 1822 381 1859 non
398 1804 499 1860 inutile
512 1804 558 1860 rel
571 1820 685 1860 necesse
700 1807 762 1861 erat
776 1805 848 1860 scire
861 1804 954 1860 varias
968 1804 1113 1861 lectiones.

104 1884 180 1951 Quae
199 1886 250 1940 aut
269 1884 320 1940 alii
340 1887 390 1940 aut
408 1901 460 1955 ego
479 1885 699 1955 emendarimus,
717 1887 751 1940 ut
767 1901 820 1955 par
838 1886 890 1955 est,
909 1902 958 1939 suo
975 1885 1037 1940 loco
1050 1901 1113 1955 per-

101 1981 210 2035 scnps1.
