2460 3840
453 816 558 916 Index
582 818 738 908 capitum.

92 990 119 1041 p.
135 970 181 1025 111.
204 969 355 1025 Praefatio.

92 1069 120 1120 p.
136 1049 309 1105 v-XXVII.
333 1047 579 1106 commentariolus
597 1047 773 1122 isagogicas:

92 1148 119 1200 p.
134 1129 168 1186 V.
265 1129 279 1183 Ι
297 1129 332 1184 de
354 1128 540 1198 grammatica
564 1127 681 1196 antiqua
705 1145 794 1197 usquc
817 1130 854 1184 ad
872 1129 959 1184 Plinii
976 1133 1105 1200 tempora

294 1208 388 1264 breuis
407 1209 572 1279 disputatio,

92 1307 120 1359 p.
135 1288 233 1345 XVIII.
252 1289 279 1342 lI
297 1288 332 1344 de
349 1287 434 1343 Plinii
453 1288 575 1344 Secundi
591 1288 672 1343 libris
690 1290 890 1358 grammaticis.

136 1539 162 1596 ὓ.
180 1537 265 1596 Plinii
285 1537 403 1595 Secundi
421 1536 559 1594 librorum
579 1536 656 1594 dubii
675 1538 812 1596 sermonis
830 1538 892 1597 VIII
911 1539 1075 1613 reliquiaez·

112 1691 119 1703 .
168 1689 174 1702 .
228 1647 261 1700 Ι*
279 1645 321 1700 De
339 1644 452 1699 litteris.

292 1804 334 1860 a!
357 1804 392 1859 de
411 1803 543 1874 genetiuo
561 1804 698 1875 singulari
716 1805 746 1859 in
764 1823 796 1860 as
815 1806 940 1861 exeunte.

297 1884 336 1940 la*
360 1883 395 1938 de
413 1884 544 1954 genetiuo
563 1883 701 1954 singulari
718 1885 749 1939 in
766 1887 790 1940 o'i
808 1887 935 1940 exeunte.

294 1966 333 2021 c*
356 1964 391 2019 de
411 1963 542 2035 genetivo
572 1963 709 2036 singulari
736 1964 822 2019 dubio
846 1968 921 2034 (cuni
944 1964 1102 2021 differentia

358 2044 558 2100 vocabulorum
575 2061 776 2113 nonnunquam
795 2043 962 2116 coniuncto).

294 2126 337 2183 d*
361 2125 396 2180 dc
415 2125 576 2181 accusativo
596 2124 733 2196 singulari
751 2123 845 2180 dubio.

298 2205 335 2262 a!
359 2204 394 2260 dc
413 2204 539 2260 ablativo
558 2204 696 2274 singulari
713 2204 815 2259 tertiae
834 2204 1040 2261 declinationis.

112 2329 117 2342 .
296 2286 335 2354 fi*
359 2285 393 2340 de
411 2284 571 2340 nominibus
590 2287 709 2353 quartae
728 2284 933 2341 declinationis.

112 2407 118 2419 .
165 2408 172 2420 .
290 2383 315 2437 p.
358 2365 393 2420 de
411 2364 543 2434 genetivo
561 2365 677 2434 quintae
696 2363 901 2423 declinationis.

165 2486 171 2499 .
287 2448 314 2501 lo.
356 2445 391 2499 de
409 2444 584 2500 nominativo
601 2444 714 2516 plurali.

296 2524 332 2579 t*
355 2524 390 2578 da
413 2524 662 2580 dativo-ablativo
685 2524 789 2594 plurali
811 2525 842 2580 in
859 2528 885 2582 ia
908 2544 959 2598 pro
977 2528 1039 2584 ibas
1057 2542 1102 2582 ex-

358 2606 449 2661 eunte.

89 2703 117 2755 p.
129 2689 171 2738 20.
288 2683 330 2739 lo*
354 2683 389 2738 de
408 2684 538 2753 genetivo
557 2686 669 2757 plurali.

88 2784 117 2836 p.
128 2770 171 2820 20.
356 2784 383 2819 α.
403 2766 476 2834 (gen.
495 2783 542 2822 am
559 2782 611 2837 pro
629 2783 719 2836 mono,
737 2767 833 2838 mom).

88 2863 117 2914 p.
128 2850 170 2901 21.
355 2847 380 2918 β.
400 2847 473 2916 (gen.
492 2846 559 2915 iam,
579 2849 693 2916 (alcoram
712 2849 741 2902 at
760 2846 795 2900 de
814 2845 911 2901 dativo
930 2845 1023 2918 plur).

89 2941 117 2993 p.
127 2931 169 2982 23.
355 2945 380 2994 p.
402 2928 461 2992 (ooo
478 2940 515 2978 an
532 2926 632 2994 imai).

89 3021 117 3073 p.
128 3001 169 3061 26.
294 3006 311 3060 l.
354 3004 388 3059 de
407 3004 569 3060 accusativo
587 3005 693 3076 plurali
710 3005 812 3061 tertiae
832 3003 1038 3061 declinationis.

89 3100 117 3153 p.
128 3089 170 3138 27.
276 3103 311 3140 m.
353 3084 388 3138 de
407 3084 647 3140 dativo-ablativo
665 3084 770 3155 plurali
788 3084 818 3139 in
836 3087 905 3142 abac
923 3086 1050 3140 exeunte.

89 3180 116 3232 p.
128 3168 170 3219 28.
197 3165 237 3222 ΠΙ
275 3164 316 3219 De
334 3163 584 3219 indeclinabilibus
603 3167 633 3220 et
651 3163 805 3221 defectivis.

88 3260 116 3312 p.
128 3248 170 3299 32.
197 3244 237 3299 IV
274 3244 316 3300 Dc
333 3243 535 3300 numeralibus.

88 3339 115 3391 p.
127 3327 170 3378 32.
211 3323 238 3378 V
274 3324 316 3380 De
333 3322 507 3395 pronomine.

88 3419 115 3472 p.
127 3409 169 3459 34.
197 3403 255 3460 VI·
272 3403 314 3460 Dc
331 3405 425 3461 verbo.
