2460 3840
371 161 412 216 De
432 161 524 216 dubiis
543 161 692 232 generibus
712 165 741 216 et
758 161 889 217 numeris.
1090 161 1131 226 67

123 334 192 375 cum
211 314 255 373 ait
272 314 480 386 volumusque
497 314 615 388 ctelpps
632 317 717 372 easta
735 314 854 386 fornace
871 313 1006 386 liquescit.
1025 314 1132 372 thorax

123 408 235 480 autem,
258 421 328 462 cum
350 403 391 463 sit
414 400 571 478 Graecum,
593 402 640 460 his
663 401 823 461 admisceri
844 420 904 460 non
927 401 1024 460 debet.

190 492 241 551 Oh.
258 496 309 569 71,
324 494 365 550 27
383 492 515 551 Forum
532 493 641 550 neutro
660 509 769 568 genere
788 490 914 549 dicimus
928 491 1028 549 locum
1042 491 1131 550 rebus

123 581 247 660 agendis
270 580 456 639 destinatum
478 574 570 657 <vel>
593 597 661 638 cum
685 579 896 639 commercium
914 578 1130 656 significamus3

124 675 154 730 et
176 669 313 729 Lucilius
337 685 401 728 cura
419 669 463 729 tlt
481 669 652 741 seruirent.
686 668 851 727 masculine
870 670 973 726 autem
991 667 1132 728 tabulata
1159 687 1172 728 a

123 760 255 835 navium,
275 761 306 817 et
325 776 442 834 semper
458 757 627 834 pluraliter,
646 757 784 834 quamvis
799 756 915 816 Gellius
929 756 995 816 fora
1008 757 1132 818 navium

123 848 304 908 neutraliter
322 847 431 905 dixerit
450 849 480 905 et
493 845 628 904 Lucilius
648 846 839 923 negotiorum
856 846 955 906 forum
972 845 1133 904 masculini

123 937 266 997 extulerit
288 934 365 994 libro
384 934 444 1006 ΙΠ,
467 936 550 1008 forus
567 936 636 994 otim
653 939 775 995 meatus
794 937 918 994 lucernis
935 927 1026 1014 (Non.
1043 927 1132 1015 206).

188 1025 224 1084 Κ.
247 1023 276 1081 V
300 1026 374 1101 579,
398 1025 417 1082 2
449 1024 563 1083 Frons
591 1024 709 1101 generis
737 1024 889 1100 feminini,
915 1026 952 1082 ut
977 1022 1131 1101 Vergilius

123 1118 218 1188 fronte
239 1115 292 1173 sut
315 1113 439 1173 aduersu
462 1103 552 1194 (Non.
573 1104 661 1193 204).
975 1152 979 1158 ⁴
1144 1132 1171 1173 ro

609 1275 639 1329 G

188 1378 239 1438 Ch.
260 1381 311 1458 80,
331 1382 349 1439 5
376 1379 527 1438 Galeros
549 1377 704 1455 Vergilius
728 1377 892 1436 masculino
916 1395 1024 1454 genere
1047 1378 1132 1456 dixit,

121 1470 272 1543 fulvosque
294 1470 357 1544 tupi
379 1470 413 1528 de
433 1468 510 1542 pelle
530 1468 658 1540 palues,
680 1469 711 1525 et
729 1465 884 1526 Cornelius
904 1465 1032 1525 Severus
1055 1470 1131 1539 flauo

115 1562 283 1631 protexerat
303 1576 357 1618 oro
377 1558 485 1631 galero.
518 1555 571 1614 sed
590 1553 621 1613 0.
641 1554 793 1615 Gracchus
813 1556 894 1632 apud
912 1572 1049 1615 censores
1068 1573 1132 1615 cam

118 1648 236 1721 tueare
257 1649 348 1706 urstct
370 1645 459 1721 dixit3
482 1644 580 1703 Varro
604 1644 640 1702 de
664 1645 782 1704 actione
806 1643 922 1704 scenica
940 1643 971 1703 H
992 1645 1061 1704 hoec
1078 1663 1130 1720 uo·
1144 1666 1171 1708 re

121 1737 221 1796 lucrio.
255 1736 334 1795 unde
358 1738 389 1794 et
412 1733 578 1811 galericula
600 1733 750 1795 dicuntur.

188 1823 375 1900 ch.104,s
406 1821 576 1898 Gausapa
603 1821 728 1882 Ovidius
755 1823 935 1882 neutraliter
962 1822 1038 1881 dixit
1058 1841 1131 1897 quu-

122 1930 197 1986 supa
219 1915 246 1971 si
268 1915 404 1986 sumpsit,
428 1929 564 1986 gausapa
585 1916 714 1990 sumpta
742 1915 773 1971 et
796 1911 916 1972 Cassius
940 1910 1068 1971 Severus
1092 1912 1130 1970 ad

121 2001 326 2060 Maecenatem
354 2017 488 2076 gausape
513 2018 664 2075 purpureo
692 2002 844 2062 salutatas.
890 2001 942 2060 sed
968 2001 1128 2078 Augustus

119 2089 152 2147 in
171 2092 352 2149 testamento
364 2106 519 2164 gausapea,
538 2090 640 2149 ludica
655 2107 822 2164 purpureus
841 2084 845 2166 Ι
867 2091 1028 2149 eamear
1040 2107 1128 2148 meus.
1142 2111 1169 2151 ao

120 2178 217 2237 Varro
249 2181 352 2238 autem
379 2178 423 2237 ait
449 2177 597 2239 vocabula
625 2197 661 2237 ex
684 2178 797 2238 Graeco
825 2181 958 2255 sumpta,
987 2178 1012 2237 si
1040 2196 1129 2237 snum

121 2286 215 2344 genus
242 2286 302 2327 non
324 2267 488 2344 retineant,
516 2286 552 2326 ex
578 2268 745 2327 masculino
768 2267 799 2325 in
822 2266 999 2325 femininum
1021 2266 1128 2325 Latine

119 2356 248 2416 transire
281 2359 312 2416 et
343 2376 363 2417 u
394 2357 499 2416 littera
530 2355 699 2435 terminari,
730 2356 816 2417 velut
850 2353 968 2434 κοχλίας
999 2356 1128 2433 cochlea,

116 2438 228 2525 Ἑρμῆς
246 2446 357 2523 herma,
379 2444 486 2526 χάρτης
505 2445 618 2524 charta,
640 2463 711 2522 ergo
730 2442 885 2524 γαυσάπης
904 2463 1047 2522 gausapa.
1079 2445 1128 2503 cui

121 2534 224 2610 generi
252 2534 451 2612 elegantiores
477 2533 659 2593 addiderunt
685 2533 908 2611 necessitatem,
934 2536 971 2592 nt
993 2533 1127 2594 dicerent
1141 2553 1168 2595 as

121 2622 254 2680 tunicam
277 2641 454 2701 gausapam,
483 2622 563 2700 quod
591 2622 740 2700 quomodo
764 2622 914 2682 diceretur
936 2624 1044 2682 merito
1067 2642 1127 2683 non

192 2850 224 2897 12
243 2805 393 2916 galeros]
418 2850 451 2899 14
469 2862 530 2900 cum
551 2847 641 2917 palere
658 2847 745 2901 urrici
762 2845 789 2898 N
812 2844 872 2901 sine
890 2843 976 2899 dubio
996 2848 1127 2915 corrupta

121 2919 197 2985 sunt;
216 2915 280 2971 vide
299 2915 384 2970 Keilii
402 2918 466 2970 adn.

191 3100 206 3148 3
225 3093 345 3167 forum]
363 3092 450 3148 Plinii
466 3097 582 3165 propter
595 3095 680 3150 Gellii
698 3111 791 3150 rerum
809 3094 952 3165 scriptoris
966 3111 1076 3149 nomen.
1092 3127 1125 3136 —

120 3169 153 3217 12
172 3165 322 3238 galeros]
346 3181 442 3220 omnes
464 3165 521 3221 loci
544 3166 664 3222 Cornelii
683 3166 778 3222 Severi
800 3167 913 3222 nomine
937 3165 1029 3221 ornati
1050 3166 1126 3234 apud

120 3235 277 3291 charisium
300 3240 329 3291 et
346 3236 511 3292 Diomedem
528 3237 613 3292 Plinii
637 3240 708 3294 sunt.
745 3237 891 3293 Accedunt
912 3237 1076 3291 testimonia
1096 3237 1124 3292 C.

121 3304 240 3361 Gracchi
258 3311 287 3362 et
301 3309 432 3363 Varronis
452 3309 497 3378 (de
516 3308 674 3364 actionibus
694 3308 835 3380 scenicis),
854 3312 887 3363 ut
905 3309 939 3362 de
957 3306 1043 3361 Plinii
1061 3308 1125 3363 doc-

118 3376 210 3458 trinae
238 3379 389 3448 specimine
415 3396 472 3435 non
494 3379 681 3435 dubitandum
704 3381 749 3437 sit.
778 3412 811 3422 -
840 3385 873 3434 17
896 3380 1064 3450 gausapa]
1090 3380 1125 3434 cf.

119 3447 205 3504 Pnsc.
220 3454 280 3520 333,
295 3455 371 3522 osq,
390 3451 439 3519 qui
452 3451 635 3506 recentiorem
649 3455 796 3508 auctorem
806 3449 953 3518 seusium,
962 3461 1152 3523 spangam

119 3518 165 3573 hic
181 3523 278 3575 auctor
290 3521 428 3595 Pliniana,
447 3540 521 3594 quae
535 3522 685 3582 Charisius
699 3521 905 3593 hhpraeheh,
913 3516 981 3570 ssim
989 3506 1175 3562 ammam*-

979 3597 1019 3650 b*
