2460 3840
139 153 182 218 80
382 151 424 206 De
442 151 536 207 dubiis
554 151 703 222 generibus
722 155 751 208 et
767 153 899 210 numeris.

138 303 369 363 declinationem
387 303 540 382 Vergilius
559 304 706 382 sequitur,
724 322 793 363 cum
811 304 886 363 dicit
903 306 953 379 qai
975 306 1049 378 forte
1072 309 1151 380 tape-

138 395 215 453 tous
238 394 313 453 ultis.
355 393 407 452 sed
429 396 460 452 et
483 393 539 452 hoc
561 395 708 470 tapetum,
731 395 767 452 ut
790 394 969 471 stragulum,
994 394 1152 454 similiter-

140 501 198 558 que
226 481 407 558 declinatur,
434 481 491 541 hoc
523 483 661 558 tapetum
693 482 783 542 huius
810 483 907 558 tapeti
936 482 1007 541 huic
1035 484 1151 562 tapeto,

138 570 299 647 pluraliter
320 570 395 630 haec
417 571 522 647 tapeta
544 570 652 630 horum
670 574 843 647 tapetorum
861 571 908 631 his
926 571 1048 647 tapetis.
1078 591 1151 632 nam

113 663 171 721 set
201 659 242 719 sic
275 678 394 736 quoque
421 659 576 736 Vergilius
608 659 740 718 declinat
771 659 871 718 dicens
902 661 1041 721 instratos
1072 667 1151 722 ostro

138 751 266 824 alipedes
282 750 425 822 pictisque
452 749 563 822 tapetis.
609 747 661 806 sed
688 751 719 807 et
745 749 911 808 masculino
939 767 1048 826 genere
1076 749 1152 810 dicit

132 839 282 912 pictosque
304 842 423 910 tapetas
447 837 533 895 cuius
550 837 780 898 'nominativum
809 837 926 896 faciunt
953 837 1076 913 quidam
1099 839 1150 898 hic

137 929 237 1004 tapes,
266 926 320 1002 qui
346 925 420 985 facit
447 924 501 984 hos
528 928 661 1001 tapetas3
691 926 772 1002 quod
802 944 872 1004 ego,
900 925 973 1002 quia
999 945 1151 1003 nusquam

139 1016 286 1091 scriptum
307 1016 392 1091 puto,
415 1033 608 1090 nequaquam
629 1013 723 1090 probo
747 1005 797 1095 (K.
820 1014 865 1073 IV
889 1017 962 1091 209,
982 1006 1048 1096 27).

99 1125 125 1166 ro
205 1102 257 1162 Oh.
278 1106 328 1180 71,
344 1104 385 1163 20
409 1103 561 1180 Tergum
580 1102 702 1162 dorsum
720 1106 766 1162 est
785 1105 815 1162 et
834 1103 1003 1162 declinatur
1021 1104 1073 1182 sic,
1091 1104 1149 1164 hoc

138 1195 260 1270 tergum
281 1192 361 1268 tergi
384 1194 479 1269 tergo,
502 1190 661 1267 pluraliter
683 1192 757 1251 haec
779 1196 867 1269 terga
888 1195 1058 1270 tergorum3
1088 1196 1149 1253 ter·

139 1299 196 1359 gus
219 1285 322 1341 autem
345 1281 433 1357 pellis
456 1280 546 1339 huius
573 1280 702 1358 tergoris
730 1280 817 1357 facit,
839 1281 1001 1357 pluraliter
1028 1284 1152 1359 tergora

140 1374 169 1430 et
200 1371 340 1448 genetivo
368 1369 521 1447 tergirum
548 1362 690 1445 correpte.
737 1369 789 1428 sed
816 1370 966 1429 contrario
994 1370 1150 1448 Vergilius

138 1465 218 1534 torpa
241 1463 344 1521 boccum
367 1459 440 1516 dicit
463 1460 494 1516 et
515 1458 547 1515 in
570 1457 660 1516 VIHI
680 1459 747 1518 hinc
772 1463 876 1532 raptos
901 1460 1078 1533 sapientibus
1104 1463 1150 1519 iu·

100 1569 125 1610 15
136 1551 211 1623 perii
236 1550 338 1608 tostos
358 1546 363 1622 Ι
382 1549 414 1606 io
437 1551 541 1620 terque.
588 1547 710 1623 quidam
736 1547 844 1608 volunt
871 1553 992 1625 tergum
1019 1549 1150 1609 hominis

139 1655 211 1712 esse,
234 1640 338 1714 tergus
361 1655 433 1697 voro
456 1635 571 1710 pecoris
595 1627 686 1715 (Non.
707 1638 780 1712 227,
800 1639 873 1708 414,
892 1628 981 1718 459).

204 1725 241 1783 K.
264 1726 293 1784 V
312 1728 385 1802 591,
406 1726 447 1783 28
472 1724 627 1782 Vornum
650 1726 769 1802 generis
791 1726 959 1804 masculini,
977 1729 1013 1785 ut
1033 1727 1148 1786 Maece·

138 1832 192 1872 nas
215 1815 333 1873 cordiae
355 1818 444 1872 toruo.

204 1902 241 1961 Κ.
255 1902 283 1960 V
303 1903 375 1980 592,
396 1903 414 1962 5
435 1902 596 1977 Torques
615 1902 733 1979 generis
747 1902 884 1961 feminini
897 1906 933 1963 ut
946 1904 1147 1980 Propertius*

100 2012 147 2051 ao.
168 2038 173 2049 .
194 2037 201 2050 .
221 2038 227 2048 .
251 1997 379 2064 torquem
402 2007 523 2051 aureum
546 1981 636 2069 (Non.
657 1983 744 2071 227).
852 2002 855 2009 ·

205 2079 241 2139 Κ.
255 2080 300 2139 IV
319 2082 392 2157 210,
413 2081 455 2138 30
479 2077 609 2152 Turbo,
634 2098 701 2139 cum
720 2080 845 2156 puerilis
864 2080 948 2140 lusus
966 2081 1148 2141 instrumen-

140 2172 206 2228 tum
224 2168 382 2246 siguificat,
401 2167 559 2251 masculini
577 2168 695 2245 generis
715 2172 769 2245 est,
788 2171 824 2228 ut
842 2187 892 2229 cca
910 2173 1056 2243 quoidam
1074 2176 1146 2231 torto

138 2260 263 2318 colitans
281 2261 334 2317 sut
352 2260 467 2317 cerbere
485 2258 568 2316 turbo
583 2303 589 2315 .
605 2301 611 2315 .
627 2304 633 2316 .
650 2305 655 2317 .
671 2261 703 2317 at
722 2276 791 2316 cum
808 2259 971 2334 procellam
990 2259 1148 2338 significat,

139 2346 276 2406 feminini
297 2347 414 2424 generis
438 2346 507 2424 crit,
531 2347 566 2404 ut
589 2350 650 2406 oter
673 2364 743 2420 quos
765 2365 888 2420 aequore
910 2349 992 2407 turbo
1012 2340 1017 2428 l
1037 2348 1147 2421 Dispcc
1173 2350 1198 2394 ⁴

100 2454 127 2495 as
140 2437 222 2503 ierat,
247 2438 277 2494 et
300 2436 468 2495 declinatur
489 2437 525 2493 ut
546 2434 641 2512 virgo.
687 2438 719 2495 at
741 2453 810 2494 cum
839 2435 995 2512 proprium
1018 2436 1147 2497 hominis

140 2544 248 2584 nomen
286 2529 344 2602 est,
381 2523 550 2583 declinatur
585 2528 621 2583 ut
653 2523 728 2583 Cato
761 2516 828 2605 (Oh.
850 2527 920 2601 144,
941 2526 996 2601 30,
1022 2527 1094 2603 145,
1115 2529 1147 2603 83

143 2616 194 2692 64,
214 2616 269 2689 26,
292 2612 384 2671 Prisc.
405 2614 477 2689 207,
499 2604 562 2690 17).

206 2702 242 2761 Κ.
265 2702 294 2760 7
314 2704 425 2778 592,3
451 2701 586 2761 Turtur
613 2701 730 2778 generis
757 2703 930 2777 masculini,
957 2706 993 2762 ut
1019 2703 1148 2763 Plautus

140 2795 172 2849 tu
194 2793 246 2850 tibi
267 2792 374 2850 habeas
396 2791 447 2850 lios
470 2795 603 2849 turtures.
642 2791 779 2867 quamvis
800 2791 898 2852 Pollio
923 2792 1025 2852 etalii
1047 2793 1149 2852 dicant

101 2898 127 2939 so
140 2880 325 2939 turturellas

205 2968 366 3027 Praeterea
389 2969 424 3026 cf.
446 2968 482 3026 K.
501 2968 530 3024 V
546 2969 606 3028 591
632 2968 722 3029 tofus.

626 3219 665 3278 U.

205 3323 241 3381 Κ.
264 3320 308 3380 IV
328 3324 401 3399 211,
423 3325 462 3382 15
486 3321 593 3381 Urcei
619 3322 784 3382 masculino
808 3341 930 3400 genere,
953 3341 1013 3382 uon
1040 3327 1148 3383 neutro

140 3412 290 3488 dicuntur,
309 3412 453 3489 quoniam
470 3411 648 3472 diminutive
670 3407 880 3490 (masculino)
899 3430 1007 3490 genere
1030 3413 1149 3490 urcioli,

84 3510 186 3552 *anon
212 3499 329 3558 urcr'ola
355 3501 508 3563 dicuntur.
