2460 3840
121 152 164 217 90
227 149 438 206 Adnotationes.
476 151 517 206 De
535 150 665 220 genetiuo
685 153 714 206 et
732 150 893 207 accusativo
910 152 1022 222 plurali.
1113 156 1122 202 ’.

121 296 208 384 num)
228 304 258 361 et
276 301 383 378 ²¹²·s6m,
403 301 483 380 quod
500 302 727 379 pronominibus
746 305 776 362 et
797 305 825 362 1.
844 305 875 362 et
895 305 922 364 5.
937 303 1132 364 declinationi

121 392 277 469 proprium
301 393 359 468 est,
382 383 432 470 (of.
457 409 512 450 scr.
534 394 652 450 ta-sam
667 417 709 438 =
724 385 854 474 aarum).
870 391 935 452 eius
957 393 1059 453 locum
1082 412 1131 453 oc·

122 481 261 558 oupabat.
306 479 355 539 Ad
374 499 409 539 ea
428 499 505 556 quae
523 480 726 540 Buechelerus
749 480 856 540 laudat
873 501 901 557 p.
922 483 963 542 85
979 500 1022 559 sq.
1047 500 1132 542 aoce-

122 570 199 629 dunt
222 563 377 646 ‘praefecti
400 563 533 627 fabrum'
556 569 637 645 apud
658 569 697 629 M.
723 569 870 629 Scaurum
892 561 958 651 (ch.
981 563 1131 654 129,10)
1168 569 1171 574 ’

121 662 152 718 91
182 659 370 718 rarissimum
401 658 478 718 illud
508 652 671 736 ‘digitum'
700 658 781 734 apud
803 658 970 719 Varronem
1001 659 1038 719 de
1067 661 1132 720 vita

120 767 188 825 pop.
212 749 296 808 Rom.
315 748 331 806 Ι
355 738 422 827 (Oh.
443 749 515 820 126,
536 740 600 829 25).
647 748 807 807 Praeterea
829 746 946 808 Plinius
970 751 1071 808 monet
1094 769 1131 809 19

121 836 268 915 genetiuis
304 837 405 895 neutri
441 837 559 914 generis
595 836 810 897 vocabulorum
845 839 975 895 utantur
1007 840 1135 914 propter

122 944 247 986 casuum
279 925 515 984 similitudinem.
561 925 662 1003 Atque
695 924 732 985 de
764 925 913 1003 genetiuis
946 927 1132 1005 amphorum

122 1016 175 1090 qui
197 1017 299 1074 tamen
318 1032 387 1074 oum
405 1007 604 1073 ‘drachmum'
623 1032 731 1092 311991
751 1015 865 1092 origine
886 1016 940 1092 est,
960 1015 991 1072 et
1009 1016 1132 1091 ampho-v

121 1123 224 1162 rarum
246 1103 324 1161 hanc
348 1102 571 1163 distinctionem
593 1103 667 1162 facit
684 1103 813 1162 Plinius:
838 1097 876 1162 ‘si
893 1103 1077 1163 coniunctim
1095 1106 1131 1163 ut

121 1193 148 1250 X
174 1192 272 1251 millia
299 1192 439 1251 anforum
465 1192 599 1252 modium
626 1192 800 1251 sestertium
827 1211 996 1270 nummum,
1025 1193 1052 1252 si
1078 1213 1133 1270 per

122 1300 153 1341 se
176 1274 373 1341 anforarum'.
410 1280 480 1340 Non
499 1281 601 1341 obstat
617 1280 714 1340 Varro
733 1299 831 1358 neque
847 1282 1010 1358 scriptores
1032 1285 1131 1358 poste·

120 1370 208 1429 rioris
226 1370 383 1446 temporis:
401 1369 466 1430 Liv.
482 1372 533 1448 21,
549 1372 600 1444 63,
616 1371 635 1430 3
656 1364 876 1429 ‘trecentarum
897 1366 1132 1451 amphorarum',

120 1460 197 1518 Plin.
206 1459 243 1519 N.
253 1459 292 1518 H.
303 1461 332 1532 9,
343 1461 394 1537 30,
404 1460 457 1532 48,
468 1461 508 1518 93
529 1453 754 1536 ‘amphorarum
767 1453 844 1536 XV',
859 1457 974 1519 Colum.
986 1462 1037 1538 12,
1048 1462 1099 1538 28,
1112 1462 1129 1520 1

121 1542 345 1625 ‘amphorarum
363 1542 541 1626 septenum',
559 1547 666 1618 Varro,
689 1549 709 1607 l.
722 1549 741 1607 1.
757 1548 800 1606 IX
815 1549 871 1608 85:
895 1549 938 1607 sio
956 1548 1132 1629 loquontur,

119 1637 176 1696 hoc
193 1637 276 1695 mille
290 1637 456 1713 denarium,
470 1655 530 1696 non
548 1636 605 1696 hoc
623 1637 706 1696 mille
726 1637 926 1714 denariorum,
941 1638 997 1697 cet.
1019 1637 1132 1698 Contra

119 1725 196 1784 Plin.
215 1726 252 1783 N.
271 1726 307 1784 H.
330 1728 362 1802 6,
383 1727 438 1802 22,
458 1727 513 1800 24,
533 1728 574 1785 82
599 1719 701 1784 ‘terna
727 1725 812 1785 milia
836 1719 1038 1803 amphorum'.
1084 1727 1129 1786 De

119 1815 194 1873 iuris
219 1814 364 1873 consultis
387 1832 447 1872 non
469 1815 585 1890 loquar.
630 1814 717 1873 Unde
742 1816 868 1891 apparet
892 1833 909 1873 1
932 1815 1030 1876 Plinio
1053 1817 1131 1875 hanc

120 1903 256 1980 regulam
290 1903 442 1961 conditam
474 1920 538 1961 esse
570 1905 640 1980 post
672 1903 755 1962 mille
787 1904 838 1962 191
873 1903 958 1963 milia
993 1905 1130 1966 breviore

119 1994 215 2052 forma
237 1992 393 2069 utendum,
417 1993 550 2050 ceterum
572 1992 718 2070 longiore.

119 2198 148 2253 2.
172 2198 208 2252 de
227 2197 367 2265 genetiuo
385 2197 501 2267 plurali
524 2197 557 2252 ln
576 2212 665 2323 ledrwdl
666 2197 724 2322 ἰ9111
742 2200 833 2252 oum
851 2197 883 2253 91
901 2197 938 2252 de
957 2199 1130 2255 accusativo

561 2284 581 2338 p
678 2303 687 2322 .

187 2382 391 2443 Grammatico
406 2402 483 2461 quae
499 2382 610 2442 dicitur
624 2382 873 2461 Indogermanica
882 2383 969 2443 docet
982 2382 1013 2441 in
1024 2384 1131 2460 lingua

121 2473 217 2532 latina
244 2491 304 2531 aoo.
331 2472 409 2549 plur.
438 2472 517 2531 91119
551 2474 605 2531 111
632 2472 663 2530 11
688 2491 739 2531 -ns
768 2465 852 2551 (post
879 2464 988 2553 voc.)¹)
1017 2476 1072 2533 aut
1098 2474 1132 2533 in

120 2580 171 2649 -ns
202 2553 285 2642 (post
316 2554 460 2643 conson.).
507 2559 565 2620 Sed
598 2561 679 2638 apud
711 2560 827 2621 radices
859 2561 891 2620 in
924 2554 985 2642 eij)
1013 2555 1131 2644 (ignis),

121 2650 260 2727 analogia
278 2649 339 2708 iam
358 2650 528 2726 antiquitus
547 2652 671 2726 superat
688 2652 719 2708 91
736 2650 921 2711 nominativo
940 2652 1131 2713 accusativus

121 2738 227 2797 similis
250 2737 285 2797 fit
309 2730 431 2819 (ignes),
455 2738 536 2814 apud
558 2739 673 2797 radiosa
696 2739 728 2797 in
752 2741 964 2799 consonantem
988 2743 1131 2801 exeuntes

121 2822 255 2906 (consul)
283 2845 319 2884 en
347 2826 535 2918 *consul-ns
562 2827 678 2885 factum
708 2831 755 2886 est
785 2824 994 2906 *consul-ens,
1023 2830 1130 2889 deinde

121 2917 265 2975 consules.
303 2915 413 2974 Aetate
431 2915 565 2994 Augusti
583 2916 682 2975 Plinio
701 2917 837 2993 proxima
855 2917 1004 2978 vocabula
1022 2917 1131 2978 radicis

121 3007 255 3064 extrema
277 3004 381 3063 littera
400 3005 538 3082 neglecta
556 3005 588 3062 in
606 3023 665 3064 aoo.
684 3006 763 3082 plur.
780 3006 960 3082 plerumque
980 3025 1022 3066 -eo
1039 3007 1131 3067 habe·

120 3093 206 3172 bant,
228 3112 326 3170 pauca
349 3097 387 3153 is:
411 3093 491 3172 finio,
514 3093 622 3172 omnis,
646 3095 784 3172 91111111,
808 3094 913 3172 pluria,
936 3095 1064 3173 agentis,
1087 3096 1132 3155 in·

119 3183 244 3243 ferentis
259 3175 501 3264 (Monumentum
515 3176 732 3264 Ancyranum).
760 3185 796 3243 In
815 3184 945 3244 miliario
960 3182 1131 3260 Popilliano

190 3371 216 3438 1)
235 3368 270 3424 cf.
289 3371 385 3422 tamen
402 3369 572 3440 Bragmann,
592 3369 742 3424 Grundriss
760 3370 774 3423 I
792 3375 807 3435 ξ
827 3374 887 3425 220.

86 3515 142 3555 Μ
164 3439 266 3572 affl.
277 3439 319 3495 Pl,
339 3439 438 3514 *ignei
441 3457 488 3496 -es
504 3459 554 3497 scr.
570 3458 729 3512 agnay-as,
744 3441 776 3496 A.
792 3441 832 3496 Pl.
848 3439 979 3510 *igni-ns
993 3441 1131 3512 ='ignis
