2460 3840
156 144 199 208 32
398 143 440 197 De
457 140 657 197 numeralibus.
693 142 734 196 De
752 141 923 212 pronomine.

155 294 202 353 his
222 297 268 353 est
285 293 455 353 nominibus
475 312 560 371 quae,
584 311 653 352 cum
670 292 802 368 pondere
821 311 945 352 numero
964 311 1165 370 mensuraque

155 385 305 459 constent,
329 401 446 460 semper
468 386 539 442 sunt
562 381 728 459 singularia
752 372 873 461 (51011.
894 384 944 459 90,
965 374 1008 463 5).

222 471 383 531 Ρ15515155
395 473 431 530 cf.
442 473 473 530 in
484 491 548 548 cap.
556 472 593 530 de
604 470 702 529 dubiis
713 470 885 548 generibus:
896 469 1054 549 Oh.95,12
1065 473 1166 550 barba,

157 559 208 619 011.
230 563 302 638 101,
321 565 360 620 17
380 565 533 638 inconscia,
549 559 599 619 011.
612 563 662 637 71,
679 561 718 618 27
738 561 843 637 forum,
859 558 909 618 ch.
923 562 972 637 99,
988 562 1007 620 3
1023 561 1165 639 55155555,

130 671 142 711 s
157 647 207 709 Oh.
217 651 289 728 106,
306 649 578 728 12so1,K.V587,
592 652 630 708 16
647 651 809 726 praesepto,
824 646 875 708 011.
887 650 938 726 58,
950 651 991 707 10
1000 652 1167 724 pervigilio.

461 809 512 880 IV.
548 810 595 879 Ile
622 807 862 879 numeralibus.

222 942 258 1001 Κ.
274 941 300 998 V
317 944 388 1020 185,
405 944 445 1002 16
461 934 579 1021 (Pomp.
594 932 714 1023 comm.)
734 939 911 1010 Quaesitum
928 944 973 1001 est
987 942 1043 1001 hoo
1057 943 1165 1021 ipsum,

157 1033 261 1089 utrum
284 1030 368 1089 mille
391 1030 557 1089 diceremus
581 1049 620 1089 an
642 1030 726 1108 mile,
749 1030 780 1088 id
803 1034 849 1090 551
871 1033 974 1089 utrum
997 1050 1052 1107 per
1074 1033 1167 1108 gemi-

157 1138 230 1177 num
248 1120 259 1177 1
283 1137 322 1177 an
340 1138 514 1195 perunum.
548 1119 600 1178 sed
618 1118 735 1177 Plinius
754 1117 909 1178 Secundus
928 1119 959 1177 in
978 1120 1062 1179 libris
1082 1119 1168 1179 dubii

118 1231 144 1270 ro
158 1208 302 1267 sermonis
326 1209 370 1267 115
393 1208 551 1286 expressit,
579 1203 672 1267 ‘mille
699 1226 759 1266 non
782 1206 924 1267 debemus
947 1209 1037 1268 aliter
1058 1208 1166 1288 dicere,

157 1297 215 1355 nisi
237 1316 292 1373 per
314 1297 468 1375 geminum
490 1291 522 1358 l'.

223 1385 258 1444 K.
277 1386 306 1443 V
325 1387 376 1464 45,
398 1388 437 1446 13
463 1377 615 1466 (Cledonii
632 1376 695 1465 ars)
717 1431 766 1446 ...
786 1403 805 1443 a
828 1386 963 1445 ducentis
983 1386 1167 1446 declinamus

159 1478 189 1534 et
212 1475 351 1551 deinceps
374 1478 495 1551 praeter
516 1475 612 1552 mille,
635 1477 671 1533 ut
695 1474 738 1533 ait
761 1474 887 1533 Plinius.

224 1563 259 1622 K.
278 1564 307 1621 V
329 1566 460 1640 172,·13
485 1554 601 1644 (Pomp.
625 1555 744 1644 comm.)
768 1563 812 1622 De
835 1563 893 1622 isto
917 1563 1000 1622 mille
1023 1565 1168 1624 tractavit

120 1673 145 1714 15
159 1652 275 1711 Plinius
296 1651 463 1711 Secundus:
486 1652 518 1710 in
540 1671 665 1711 numero
684 1652 834 1730 singulari
857 1652 970 1728 duplici
993 1654 1003 1711 l
1025 1653 1168 1713 scribitur

160 1743 190 1799 51
212 1760 273 1799 non
295 1740 477 1817 declinatur3
507 1741 538 1798 in
560 1759 684 1799 numero
712 1741 825 1817 plurali
853 1760 948 1799 unum
978 1742 988 1801 l
1017 1742 1110 1802 habet
1137 1746 1168 1802 51

159 1829 342 1907 declinatur,
365 1830 449 1889 milia
472 1829 590 1888 milium
611 1829 742 1888 milibus.

486 1990 522 2060 V.
558 1990 605 2060 Ile
632 1991 839 2080 prenomine.

225 2121 282 2181 An.
294 2121 380 2183 Helu.
389 2143 417 2198 p.
425 2124 521 2201 135,1
535 2114 609 2201 (Ars
618 2114 793 2204 Bernensis)
804 2122 862 2182 Sed
876 2125 978 2182 tamen
988 2122 1104 2181 Plinius
1115 2122 1168 2181 Se-

122 2211 276 2273 socundus
293 2211 516 2289 grammaticus,
526 2211 605 2271 sicut
615 2210 737 2290 Sergius
755 2211 893 2290 ostendit,
904 2211 1167 2288 reprehendisses,

161 2300 213 2376 qui
231 2300 336 2361 dicunt
349 2319 492 2376 personas
506 2300 660 2360 aeciddere
674 2300 768 2360 finitis
781 2300 1015 2377 pronominibus,
1029 2303 1065 2358 ut
1078 2300 1169 2375 ipsud

161 2388 296 2448 accidens
325 2390 409 2449 aliud
437 2390 478 2449 sit
500 2392 590 2467 atque
614 2389 704 2467 illud,
727 2389 777 2449 cui
799 2389 915 2449 accidit.
959 2389 1028 2447 hino
1051 2387 1169 2448 Plinius

160 2477 224 2553 ipse
248 2478 336 2538 dixit:
365 2473 429 2538 ‘sed
456 2479 530 2538 55115
554 2479 695 2538 debemus
717 2478 891 2537 huiusmodi
914 2477 1084 2536 definitores
1107 2496 1168 2536 non

163 2570 227 2625 tam
245 2567 277 2624 in
295 2567 412 2626 ratione
432 2586 539 2646 errare,
563 2586 653 2645 quam
671 2567 703 2625 in
722 2567 824 2626 ordine
844 2567 1012 2640 verborum,
1035 2575 1070 2624 ut
1089 2564 1168 2625 dice·

121 2675 146 2715 as
160 2658 228 2712 rent
241 2674 383 2730 personas
397 2657 624 2732 pronominibus
638 2656 780 2734 accidere,
796 2675 864 2714 cum
878 2655 976 2715 dicere
986 2654 1168 2732 debuissent,

160 2742 247 2802 finita
282 2745 459 2820 pronomina
489 2764 550 2804 non
581 2745 713 2822 recipere
747 2745 833 2820 quasi
866 2745 986 2803 aliunde
1016 2762 1167 2820 personas.

160 2851 325 2909 numquam
348 2833 428 2891 enim
450 2833 646 2893 inveniuntur
669 2833 731 2892 sine
754 2833 889 2909 personis
913 2832 1088 2893 accidentia.

226 2920 263 2979 K.
282 2921 311 2978 V
331 2923 380 3000 50,
400 2923 418 2981 8
444 2913 594 3003 (Oledonii
617 2913 680 3003 ars)
700 2922 799 2982 Finita
823 2925 894 2991 sunt
917 2921 1081 2982 secundum
1103 2919 1169 2978 fini·

161 3009 275 3069 tionem
297 3028 454 3088 personae,
484 3012 521 3069 ut
543 3011 587 3070 ait
609 3010 738 3088 Plinius,
767 3010 885 3070 infinita
908 3009 1104 3087 generaliter,
1134 3028 1168 3068 eo

121 3120 148 3160 eo
162 3099 243 3176 quod
264 3099 396 3175 plurima
419 3099 491 3177 sint,
515 3102 551 3158 ut
574 3099 649 3177 quis.
685 3119 740 3176 per
763 3118 863 3159 omnes
887 3100 966 3159 eninr
984 3097 1097 3174 species
1116 3118 1168 3158 no·

160 3188 276 3263 minum
294 3188 397 3267 currit,
420 3193 456 3248 ut
475 3189 542 3265 quis
560 3189 657 3267 homo,
682 3189 749 3265 quis
768 3207 872 3266 equus,
896 3188 963 3266 quis
982 3186 1082 3264 codex,
1102 3188 1169 3264 quis

161 3278 251 3337 color.
297 3277 396 3337 Minus
425 3295 515 3354 quam
542 3276 628 3337 finita
651 3278 792 3337 dicuntur
815 3296 892 3354 quae
915 3295 975 3336 non
998 3275 1170 3354 significant

162 3366 242 3442 quod
271 3369 316 3426 est
343 3370 466 3426 certum.
516 3367 652 3426 referunt
683 3367 762 3425 enim
790 3367 914 3426 eandem
946 3383 1104 3441 personam
1131 3365 1168 3424 de

234 3502 338 3571 lsqq.]
358 3500 392 3556 of.
412 3499 570 3555 Brambach
589 3518 615 3571 p.
631 3504 683 3554 260
697 3517 739 3568 sq.
