2460 3840
72 242 73 245 Ἴ
107 158 212 214 Adnot.
231 157 273 214 De
283 158 701 230 dat.·abl.p1ur.iu·ispro.·ibas
710 175 752 216 ex.
761 157 804 215 De
813 161 911 230 genet
920 159 1054 231 accplur.
1074 160 1116 226 89

101 306 263 388 putabant
276 327 326 370 eos
351 309 389 369 ad
412 310 583 389 analogiam
608 310 703 371 dativi
726 328 790 370 esse
817 311 914 371 factos
938 310 1041 372 addita
1063 312 1113 372 lit·

101 403 206 459 teras
233 390 325 480 (Gall.
348 399 385 458 N.
404 398 441 459 A.
459 399 504 458 IV
525 391 590 481 16).
637 398 763 460 Constat
789 400 866 458 hano
894 400 1115 460 extremitatem

102 488 236 567 genetivi
253 488 465 566 perantiquam
484 506 558 567 esse,
576 491 613 548 ut
632 491 759 566 apparot
775 507 811 548 ex
824 489 971 550 vocabulo
985 493 1115 550 senatuis

102 578 185 655 apud
212 576 244 638 (i.
267 578 417 637 Fannium
445 570 512 658 (Ob.
534 570 689 659 143,12)
719 576 920 638 Gracchorum
947 579 1112 655 aequalem.

102 667 171 727 Non
193 667 293 727 minus
313 666 462 726 usitatum
486 668 551 726 erat
573 669 610 726 ut
627 667 702 726 haec
719 667 867 728 vocabula
884 667 964 726 1112.
984 667 1114 727 declina·

102 756 215 816 tionem
234 756 407 834 transirent,
425 758 462 815 nt
478 755 560 832 apud
573 755 719 816 Plautum
734 748 877 833 ‘quaesti'
892 757 922 815 et
937 748 1114 835 ‘quaestus',

45 863 47 866 ⁴
102 839 248 922 ‘sumpti'
272 847 303 904 et
326 838 505 921 ‘sumptus'.

167 933 285 993 Plinius
304 932 459 993 Secundus
481 953 536 1011 pro
560 944 581 992 1‘1
604 935 696 1012 longa
714 934 864 994 scribebat
881 952 924 992 aa
942 952 996 993 nec
1015 934 1113 993 solum

100 1023 133 1082 in
168 1023 225 1082 hac
262 1021 463 1083 declinatione
501 1022 553 1083 sed
586 1023 678 1083 etiam
709 1023 763 1083 ubi
797 1023 912 1083 occasio
945 1022 1017 1082 data
1049 1026 1114 1082 erat

101 1101 259 1194 (caua).

102 1295 151 1349 De
176 1291 453 1351 dativo-ablativo
476 1291 664 1460 plur(a1ilir3
685 1287 741 1350 ·ts
760 1307 822 1363 pro
841 1287 951 1350 -tbus
969 1295 1116 1349 exeunte

558 1399 587 1455 p.
630 1382 673 1439 9.

170 1502 246 1562 Erat
282 1502 409 1580 antiqua
444 1503 565 1581 regula,
598 1501 649 1562 Cb.
670 1505 782 1580 52,17
817 1495 1115 1584 (cf.0h.125‚23;

106 1584 259 1672 143,13):
280 1594 388 1650 neutra
408 1610 485 1669 quae
504 1608 623 1668 semper
639 1591 773 1668 pluralia
792 1593 871 1670 sunt,
886 1591 912 1651 si
926 1594 996 1651 ante
1014 1591 1114 1653 novis·

102 1680 209 1740 simam
241 1679 389 1758 syllabam
416 1683 428 1739 i
457 1679 592 1739 litteram
620 1680 764 1758 habeant,
792 1680 933 1759 genetivo
960 1700 1016 1758 per
1042 1699 1114 1750 aaa,

101 1769 203 1830 dativo
239 1788 294 1846 per
331 1771 402 1828 -bas
434 1768 582 1846 syllabam
613 1769 769 1848 finientur,
801 1769 899 1831 veluti
931 1769 1114 1848 Saturnalia,

101 1857 323 1933 Saturnalium,
352 1857 573 1917 Saturnalibus.
618 1856 690 1917 Alia
721 1859 829 1937 regula
858 1861 905 1918 est
933 1877 1010 1937 quae
1038 1856 1113 1919 Oba-

101 1945 192 2006 risius
218 1947 410 2024 131,1osq.
438 1945 576 2024 tradidit3
608 1966 678 2006 nam
709 1948 766 2008 hoc
795 1949 860 2008 loco
889 1950 961 2008 sunt
987 1948 1114 2008 barbara

102 2035 237 2110 nomina,
261 2035 394 2113 quaein
421 2034 524 2096 dativo
552 2039 582 2095 et
609 2036 743 2096 ablativo
766 2037 880 2112 plurali
901 2036 1014 2096 habent
1037 2038 1113 2105 -bua

103 2124 175 2202 quia
198 2124 307 2202 singul.
328 2123 420 2183 able
442 2125 546 2184 littera
568 2124 674 2184 finitur
697 2116 749 2206 (cf.
769 2124 821 2185 (ih.
842 2126 893 2204 53,
907 2115 951 2204 6),
974 2127 1010 2183 ut
1032 2125 1115 2203 glos-

103 2215 230 2291 semata,
254 2215 407 2292 poemata,
431 2215 610 2273 toreumata.
647 2214 706 2273 Sed
728 2213 846 2273 Plinius
875 2213 1023 2273 succurrit
1045 2232 1114 2274 cum

102 2319 156 2361 sua
177 2301 287 2380 regula
308 2320 330 2362 s.
350 2322 378 2363 r.
401 2302 581 2380 aenigmatis
606 2294 672 2383 (oh.
694 2305 766 2380 123,
786 2293 834 2383 3):
863 2320 1048 2380 quamquam
1076 2302 1114 2362 ab

101 2390 158 2451 hoc
184 2393 324 2468 poemate
346 2391 394 2450 his
420 2391 612 2467 poematibus
638 2392 738 2451 facere
767 2390 888 2469 debeat,
915 2395 1018 2451 tamon
1045 2409 1114 2452 con-

102 2480 256 2539 suetudini
280 2483 311 2539 et
341 2480 487 2540 suavitati
515 2480 635 2540 aurium
663 2483 765 2540 censet
792 2499 940 2540 summam
967 2498 1032 2540 esse
1059 2480 1113 2540 tri-

100 2567 250 2628 buendam
274 2560 326 2649 (cf.
345 2568 381 2628 Κ.
400 2568 444 2627 IV
464 2571 538 2646 208,
559 2570 599 2629 23
616 2560 683 2649 sq.).

162 2768 211 2823 De
234 2765 390 2836 genetivo
413 2770 448 2823 et
471 2767 664 2825 accusativo
688 2767 814 2838 plurali
837 2756 880 2846 (p.
900 2754 1056 2845 20-27).

152 2879 182 2935 1.
201 2879 238 2935 dc
257 2878 397 2946 genetivo
415 2879 530 2949 plurali
547 2879 581 2935 in
600 2895 673 2936 aaa
693 2879 722 2934 1.
740 2879 772 2935 ct
790 2878 820 2935 2.
839 2880 1066 2937 declinationis.

167 2975 423 3054 Antiquissimum
442 2976 560 3053 priscae
579 2977 679 3055 gentis
696 2976 987 3054 Indogermanorum
1009 2996 1113 3037 monu-

102 3068 238 3125 mentum
262 3067 308 3125 est
334 3065 412 3124 illud
435 3083 499 3124 am
522 3057 609 3148 (om)
632 3066 664 3124 in
691 3066 831 3145 genetivo
854 3065 968 3142 plurali
991 3067 1020 3125 3.
1040 3066 1114 3126 decl.

103 3156 134 3213 et
160 3155 319 3216 verborum
345 3153 482 3213 radicum
505 3172 582 3231 quae
605 3154 637 3213 in
660 3173 689 3214 ·o
713 3155 831 3214 exeunt
876 3153 1019 3213 Manebat
1040 3154 1114 3214 haec

103 3242 199 3302 torma
223 3244 384 3320 praecipue
407 3243 439 3301 in
462 3243 523 3302 illis
547 3244 703 3304 vocabulis
726 3235 923 3316 ‘nummum',
947 3236 1112 3303 ‘modium'

103 3334 158 3391 oet.
205 3333 339 3392 Transiit
367 3333 399 3390 in
422 3331 597 3410 genetivum
620 3334 699 3409 plur.
722 3332 938 3392 nonnullorum
959 3333 1115 3391 nominum

104 3423 131 3479 1.
151 3421 224 3481 decl.
261 3421 371 3482 Postea
394 3422 494 3480 tamen
518 3420 643 3481 cedebat
665 3422 697 3479 in
720 3423 749 3480 2.
769 3420 843 3480 decl.
865 3421 990 3496 propter
1010 3420 1121 3476 simila-

101 3510 239 3568 tndinem
271 3509 437 3573 accusativi
465 3509 632 3592 singularis
661 3512 695 3570 et
718 3511 877 3568 neutrum
898 3500 1073 3582 Quartum,
1091 3497 1150 3545 uu-

1199 3646 1214 3769 1
