2460 3840
481 179 522 233 De
542 177 722 233 derivatione.
1062 177 1104 242 39

96 330 178 406 nius,
210 331 246 388 ut
278 328 461 388 elocutiones
494 348 529 389 ex
556 328 705 388 similibus
732 329 908 406 formemus3
939 348 1010 388 nam
1038 348 1104 389 ecce

97 418 219 478 comedo
242 417 327 476 illam
349 436 414 476 rem
436 418 571 494 dicimus,
597 435 651 476 nec
673 419 776 476 temen
798 435 903 477 vescor
923 418 1010 476 illam
1032 437 1104 479 rem.

98 511 129 567 et
151 508 215 584 ipse
239 507 318 582 enim
340 507 414 565 dicit
433 526 493 565 non
511 524 606 582 usque
626 525 745 584 quaque
763 506 819 566 boc
838 524 901 566 esse
925 506 1104 566 faciendum.

162 596 255 656 Prisc.
275 598 348 673 513,
369 598 386 655 7
411 595 567 655 nanciscor
590 595 682 654 etiam
699 597 823 654 nactum
845 596 920 655 facit
943 595 1057 673 absque
1075 615 1104 673 a,

97 689 132 745 ut
154 685 261 762 Probo,
285 695 316 744 et
339 682 434 759 Oapro
459 687 490 743 et
511 684 643 744 Pollioni
666 687 697 744 et
719 684 817 744 Plinio
840 685 948 761 placet.
1133 698 1145 740 n

162 774 198 833 K.
218 774 246 831 V
265 775 339 851 227,
359 775 399 833 23
420 767 536 852 (Pomp.
551 764 671 855 comm.)
697 773 773 833 Vide
793 773 997 834 definitionem
1015 773 1106 832 Plinii

97 862 240 940 Secundi,
267 882 358 940 quem
380 862 418 920 ad
440 863 562 922 modum
589 861 726 923 definivit
747 863 880 940 fortiter,
909 865 940 922 et
962 861 1105 939 definivit,

96 952 236 1029 quidest
258 952 400 1028 activum,
424 951 496 1028 quid
518 951 680 1028 passivum.
718 954 749 1011 et
772 952 798 1011 si
820 970 890 1013 vere
913 969 1041 1028 quaeras
1060 970 1104 1010 se-

96 1041 226 1100 cundum
250 1041 412 1116 rationem,
438 1040 495 1098 hoc
523 1043 568 1100 est
593 1040 674 1116 quod
697 1040 774 1098 dixit
796 1041 912 1100 Plinius
936 1040 1104 1099 Secundus:

97 1128 171 1189 dicit
190 1124 335 1190 ‘activum
353 1132 384 1188 et
398 1129 478 1206 quod
496 1129 556 1189 alio
574 1129 709 1205 patiente
728 1147 781 1188 nos
800 1129 935 1207 facimus,
949 1130 1104 1205 passivum
1119 1145 1144 1185 ιο

98 1220 144 1277 est
168 1218 248 1296 quod
272 1218 331 1277 alio
354 1218 484 1278 faciente
506 1235 561 1278 nos
583 1210 736 1295 patimur'.

389 1428 455 1502 Vll.
493 1432 539 1502 lle
569 1425 812 1502 derivatum*

161 1572 197 1631 K.
216 1572 245 1629 V
265 1576 336 1650 164,
357 1575 397 1632 13
432 1566 571 1650 (Pompei
589 1562 804 1651 commentum)
834 1569 889 1630 Ait
910 1571 1027 1630 Plinius
1052 1571 1103 1631 Sc-

95 1661 223 1739 cundus,
251 1665 374 1721 secutus
396 1660 575 1737 Varronem,
599 1661 718 1737 quando
742 1659 915 1720 dubitamus
937 1661 1103 1737 principale

95 1768 199 1828 genus,
217 1751 374 1809 redeamus
393 1749 431 1808 ad
450 1749 680 1808 diminutionem
698 1751 729 1809 et
747 1768 783 1808 ex
801 1749 1144 1828 diminutivocogno-1o

96 1840 206 1897 scimus
229 1839 395 1915 principale
419 1857 513 1916 genus
537 1831 588 1919 (cf.
611 1841 713 1898 tamen
737 1831 943 1918 0h.105‚8).

161 1927 196 1986 Κ.
216 1927 244 1984 V
265 1929 371 2003 144,9
396 1919 528 2009 (Scimus
553 1926 631 1986 enim
655 1930 709 1987 aut
732 1928 852 1987 intentu
874 1927 1025 2004 loquentis
1049 1931 1103 1987 aut

95 2035 150 2091 per
168 2016 396 2091 usurpationem
415 2015 481 2075 fieri
499 2016 674 2078 derivativa.
702 2034 762 2076 non
779 2035 903 2094 possum
920 2015 978 2076 tibi
996 2016 1103 2095 dicere,

96 2104 296 2165 derivativum
315 2105 360 2164 ita
379 2105 449 2184 exit,
471 2123 557 2165 mons
575 2107 745 2182 montanus,
764 2106 831 2165 fons
848 2105 999 2182 fontanus,
1018 2108 1054 2164 ut
1072 2106 1103 2164 in

94 2212 151 2253 aas
169 2196 268 2269 exeat,
287 2213 346 2253 non
364 2212 486 2270 possum
504 2195 562 2255 tibi
574 2195 649 2254 istas
663 2195 786 2272 regulas
799 2195 906 2253 dicere.
934 2194 1103 2254 invenimus
1117 2210 1143 2250 ro

95 2283 175 2342 enim
206 2283 305 2345 varias
338 2282 551 2343 declinationes
584 2284 650 2343 fons
683 2283 797 2343 fontius
828 2283 983 2360 fontanus
1018 2302 1102 2343 mons

94 2372 227 2432 montius
250 2375 431 2432 montanus·
457 2391 528 2451 ergo
555 2372 639 2432 vides
662 2372 805 2448 quoniam
827 2371 910 2431 varie
932 2372 1102 2432 invenimus

95 2464 125 2518 et
152 2461 266 2520 fontius
294 2464 325 2520 et
351 2462 494 2521 fontanus
518 2465 549 2520 et
575 2461 708 2520 montius
732 2463 763 2519 et
785 2463 954 2519 montanus.
992 2458 1102 2520 idcirco

94 2549 125 2607 in
148 2549 384 2610 derivationibus
413 2569 537 2626 sequere
563 2552 726 2626 praecepta
753 2548 846 2607 Plinii
869 2539 1021 2630 Secundi).
1059 2548 1102 2607 uit

94 2637 175 2696 enim
193 2630 295 2697 ‘debes
314 2639 434 2715 quidem
454 2639 644 2716 adquiescere
664 2637 786 2716 regulis,
811 2636 862 2696 sed
880 2636 911 2694 in
926 2636 1101 2698 derivativis
1116 2650 1143 2692 as

94 2744 219 2803 sequere
243 2721 477 2787 auctoritatem’.
513 2728 582 2789 vide
604 2746 642 2786 ne
666 2727 741 2788 velis
765 2726 849 2785 aliud
871 2724 982 2803 dicere,
1012 2745 1102 2803 quam

94 2815 205 2894 legisti.
246 2814 326 2873 Alba
349 2816 468 2876 civitas:
497 2817 550 2875 alii
573 2817 678 2875 dicunt
700 2815 850 2892 Albanus,
877 2814 930 2874 alii
952 2813 1102 2874 Albensis

94 2923 171 2983 quae
190 2904 268 2963 ratio
288 2902 353 2963 est?
376 2905 523 2983 numquid
540 2922 700 2982 possumus
719 2904 802 2981 scire,
826 2921 919 2981 quare
938 2903 981 2963 sio
1001 2900 1100 2980 [quid]

93 2994 253 3055 invenitur.
296 2991 406 3052 Caesar
429 2994 549 3070 quidem
571 2993 602 3053 in
629 2993 715 3053 libris
738 2993 894 3068 analogiae
918 2986 1007 3052 ‘duae
1032 2996 1103 3052 sunt

94 3082 203 3161 Albae,
227 3082 288 3141 alia
311 3082 370 3141 ista
394 3102 485 3159 quam
507 3083 646 3144 novimus
669 3084 700 3141 in
724 3082 837 3159 Aricia,
862 3083 892 3140 ct
915 3081 976 3140 alia
999 3081 1047 3140 hic
1070 3081 1102 3139 in
1116 3095 1143 3136 ao

93 3169 192 3231 Italia.
223 3172 359 3231 volentes
379 3171 507 3231 Romani
522 3171 729 3231 discretionem
748 3171 855 3247 facere,
874 3170 948 3229 istos
968 3169 1102 3229 Albanos

165 3398 182 3446 4
201 3393 284 3449 Prisc.
300 3400 360 3464 513,
376 3395 403 3467 7]
423 3394 457 3449 cf.
472 3394 505 3448 Κ.
520 3393 572 3447 VH
586 3398 628 3463 95,
645 3397 686 3462 19,
707 3392 890 3457 Quaestioncs
908 3406 998 3446 novae
1017 3409 1043 3460 p.
1059 3396 1101 3448 37.

93 3496 127 3505 -
148 3471 163 3518 6
182 3464 215 3520 Κ.
231 3465 256 3518 V
270 3471 330 3536 22⁷,
345 3468 390 3535 23]
410 3464 508 3519 Neum.
522 3482 550 3534 p.
566 3471 606 3518 52.
635 3463 743 3517 Plinius
762 3461 913 3533 distinguit
931 3463 1001 3516 duas
1016 3462 1102 3532 signi·

93 3535 238 3590 ficationes
256 3536 403 3591 verborum
423 3539 547 3607 (genera)
567 3534 690 3590 activum
709 3536 739 3590 et
756 3534 900 3604 passivum
920 3534 965 3604 (cl.
981 3533 1065 3604 adn).
