2460 3840
131 146 174 209 46
242 145 284 200 De
303 143 506 216 orthographia
525 141 583 196 sive
602 143 636 198 de
656 142 748 197 dubiis
766 143 910 197 nominum
928 141 1034 200 formis.

131 296 245 373 firmat,
267 316 327 355 non
350 315 468 356 camera
490 314 545 372 per
568 312 589 353 e.
623 294 675 354 sed
697 295 856 354 Lucretius
880 312 1065 368 summaeque
1093 313 1143 357 au·

131 389 219 445 uiuis
255 389 436 446 naturatibus
472 384 596 444 diceudo
639 384 731 444 etiam
772 402 920 443 cameram
958 384 1016 442 dici
1052 404 1143 460 posse

131 473 271 535 ostendit

198 562 249 624 Oh.
271 566 381 642 73,17
406 563 600 623 Pulchrum
623 561 719 621 Varro
743 561 889 637 adspirari
913 561 1020 620 debere
1039 566 1143 640 negat,

104 671 168 713 sne
187 653 304 712 duabus
319 652 552 712 consonantibus
565 651 665 709 media
682 650 849 710 intercedat
863 650 1040 726 adspirati03
1060 653 1144 729 quod

129 742 252 801 minime
279 751 396 801 rectum
424 739 558 817 antiquis
585 739 752 799 videbatur.
801 739 881 798 unde
909 742 940 798 et
968 742 1144 817 sepulcrum

130 831 280 907 hodieque
303 833 418 906 manet,
448 828 528 906 quod
551 829 591 886 sit
614 846 749 887 seorsum
772 847 791 886 a
817 829 922 905 pulcro
945 832 1070 906 propter
1093 849 1143 890 re-

131 919 334 980 cordationem
357 918 476 978 doloris.

197 1006 248 1066 Oh.
270 1009 359 1082 75,4
394 1006 538 1082 Servus,
570 1024 711 1083 cervae,
742 1006 878 1084 vulgus
910 1025 929 1064 a
959 1007 1142 1083 quibusdam

90 1116 116 1156 ιο
129 1116 184 1174 per
200 1115 222 1155 u
240 1100 271 1156 et
289 1114 313 1173 0,
336 1095 477 1156 videlicet
496 1094 568 1171 quia
586 1095 664 1153 duae
682 1096 802 1156 vocales
821 1094 976 1173 geminari,
994 1098 1030 1155 ut
1047 1115 1142 1156 unam

130 1185 279 1262 syllabam
301 1186 423 1256 faciant,
446 1203 506 1243 non
528 1186 662 1259 possunt.
700 1183 752 1242 sed
774 1203 828 1260 per
850 1184 910 1243 duo
932 1204 954 1243 u
977 1185 1067 1243 scribi
1090 1186 1141 1244 de·

129 1274 214 1352 baut,
243 1274 315 1352 quia
343 1277 374 1333 et
401 1273 443 1333 sic
471 1275 578 1332 sonant
606 1276 637 1331 et
664 1272 847 1350 ambiguitas
871 1291 996 1332 casuum
1018 1274 1141 1334 tollitur

129 1367 160 1423 et
182 1384 277 1422 unum
298 1383 319 1422 u
341 1364 407 1423 loco
430 1362 622 1422 consonantis
645 1362 794 1438 accipitur
817 1354 963 1443 (Quinti
978 1365 1005 1434 4,
1024 1354 1089 1444 11).

196 1451 248 1512 Oh.
269 1453 319 1529 75,
339 1454 358 1512 8
377 1451 559 1510 Assiduus
578 1450 701 1528 quidam
718 1471 773 1528 per
790 1452 810 1511 d
828 1451 971 1528 scribunt,
994 1452 1081 1529 quasi
1101 1453 1142 1512 sit

90 1559 116 1600 rs
131 1560 149 1599 a
167 1541 295 1601 sedendo
312 1540 486 1618 figuratum,
506 1540 558 1599 sed
576 1542 686 1598 errant.
709 1559 780 1598 nam
799 1559 868 1599 oum
885 1559 904 1598 a
919 1540 1021 1601 Servio
1037 1541 1139 1601 Tullio

128 1631 260 1706 populus
293 1629 324 1687 in
357 1630 490 1706 quinque
524 1629 633 1688 classes
661 1632 740 1688 esset
770 1629 897 1705 divisus,
926 1633 963 1688 ut
988 1629 1141 1689 tributum

99 1746 104 1765 ι
128 1722 221 1794 prout
244 1718 371 1795 quisque
394 1718 563 1794 possideret
585 1718 720 1795 inferret,
749 1718 881 1795 ditiores,
905 1719 958 1796 qui
981 1736 1062 1778 asses
1086 1718 1140 1778 da-

128 1805 215 1880 bant,
249 1807 362 1865 assidui
394 1807 468 1865 dicti
500 1808 578 1865 suut.
626 1810 657 1866 et
689 1808 833 1884 quoniam
864 1808 921 1867 soli
947 1806 979 1865 in
1008 1808 1140 1885 negotiis

128 1895 259 1971 puplicis
292 1895 463 1972 frequentes
496 1895 634 1973 aderant,
667 1914 717 1955 eos
745 1896 798 1973 qui
829 1897 1000 1973 frequentes
1028 1896 1142 1957 adsunt

89 2003 115 2043 ao
130 1985 266 2044 assiduos
290 1983 327 2042 ab
350 1983 467 2043 assibus
491 1984 629 2044 dixerint.

197 2072 319 2150 01175,
341 2075 380 2133 13
406 2073 476 2131 Tus
500 2092 518 2131 a
540 2072 694 2133 tundendo
714 2075 777 2133 sine
796 2073 999 2150 adspiratione
1018 2074 1140 2152 dicitur,

129 2163 265 2239 quamvis
296 2162 391 2221 Iulius
418 2163 571 2221 Modestus
604 2158 661 2222 ἀπὸ
693 2171 745 2223 τοῦ
773 2162 862 2223 θύειν
893 2166 1026 2222 tractum
1057 2163 1140 2224 dicat

130 2245 245 2332 (Quint.
264 2251 280 2310 I
299 2254 329 2329 4,
349 2254 404 2310 21;
427 2242 562 2330 tractio).

196 2339 246 2400 Oh.
268 2343 321 2416 75,
342 2343 382 2401 16
406 2341 638 2417 Podagrosus
658 2358 676 2397 a
694 2340 829 2417 podagra
848 2340 922 2399 bene
942 2339 1060 2417 dicitur,
1084 2341 1138 2400 sed

89 2447 114 2487 25
129 2431 160 2486 et
182 2430 361 2507 podagricus
380 2450 399 2489 a
416 2431 528 2508 pedum
547 2429 744 2506 aegritudine,
767 2429 853 2488 cuius
872 2429 1041 2506 exemplum
1058 2429 1141 2506 apud

127 2516 289 2576 Laberium
313 2519 412 2577 estin
435 2519 522 2596 aquis
547 2565 553 2577 .
574 2565 580 2576 .
604 2566 609 2576 .
634 2509 686 2599 (cf.
705 2517 740 2576 K.
760 2517 803 2576 IV
824 2509 913 2597 212).

195 2604 246 2665 Oh.
269 2610 344 2681 103,
367 2610 405 2668 15
434 2607 618 2666 Cassidem
640 2607 767 2666 dicimus
789 2626 843 2666 nos
867 2607 904 2666 ab
929 2625 963 2666 eo
988 2607 1070 2684 quod
1093 2611 1140 2667 est

126 2694 199 2752 haec
219 2694 323 2770 cassis3
343 2696 395 2754 sed
408 2696 499 2755 multi
514 2695 661 2754 cassidum
674 2695 786 2772 dicunt,
805 2699 841 2755 ut
854 2696 1031 2772 Propertius
1046 2714 1139 2756 aurcu

198 2868 216 2916 4
238 2861 430 2935 pulchrum]
459 2863 494 2917 cf.
518 2863 629 2918 Servius
654 2865 690 2918 ad
713 2882 773 2934 geo.
794 2865 832 2920 ΙΙΙ
852 2871 915 2921 223ε
943 2865 1000 2920 tria
1026 2867 1140 2919 tantum

127 2934 273 2989 habebant
295 2934 422 3003 nomina,
441 2934 472 2987 in
494 2933 595 3003 quibus
618 2953 633 2991 o
655 2935 779 2990 litteram
804 2939 966 3005 sequeretur
989 2935 1138 3005 aspiratio:

127 3008 311 3076 sepulchrum,
334 3007 443 3073 motus,
462 3007 592 3076 pulcher,
615 3023 629 3060 e
653 3007 754 3075 quibus
774 3010 889 3078 pulcher
915 3009 1027 3063 tantum
1053 3005 1140 3061 hodic

127 3076 228 3145 recipit
247 3076 455 3147 aspirationem.
484 3075 588 3146 Cicera,
607 3077 683 3132 Orat.
703 3084 736 3132 48
756 3085 771 3145 ς
787 3085 846 3149 160,
866 3079 915 3148 qui
931 3079 1028 3150 pulcer
1046 3077 1139 3132 dicere

127 3148 247 3218 mavult,
280 3148 330 3203 sed
362 3167 440 3202 usum
474 3147 608 3216 loquendi
634 3150 738 3220 populo
766 3151 903 3206 concedit.
940 3151 976 3206 cf.
991 3149 1039 3205 Oh.
1055 3153 1139 3219 itai:

130 3220 251 3274 Graccus
277 3227 303 3276 et
329 3227 405 3275 crtus
426 3221 485 3275 siue
508 3221 695 3290 adspiratione
718 3223 774 3277 dici
796 3224 888 3278 debere
917 3223 1004 3278 Varro
1028 3223 1077 3276 ait.
1102 3252 1137 3262 -

129 3295 163 3343 14
186 3289 361 3363 assiduus]
390 3291 501 3346 Bramb.
525 3309 552 3361 p.
569 3297 632 3360 1453
661 3292 734 3346 male
763 3293 938 3347 deduxerunt
963 3295 1072 3347 veteres
1101 3292 1138 3346 ab

128 3376 190 3415 asse
210 3361 312 3430 dando,
330 3362 404 3416 unde
423 3365 485 3416 orta
499 3365 543 3416 est
557 3362 725 3416 assimilatio
740 3363 810 3418 satis
825 3363 949 3431 antiqua.
966 3396 998 3405 —
1019 3369 1052 3417 21
1069 3364 1138 3435 tue]

128 3430 204 3487 Serv.
224 3433 262 3486 ad
280 3449 340 3502 geo.
354 3433 365 3486 1
379 3439 426 3487 ὅτι
448 3449 515 3487 sane
534 3441 579 3488 tus
596 3434 679 3488 modo
695 3433 755 3489 sine
769 3434 941 3504 aspiratione
956 3434 1083 3490 dicimus.
1096 3477 1102 3490 .
1113 3477 1137 3490 ..

128 3502 191 3555 tura
211 3502 285 3557 enim
304 3520 321 3557 a
339 3504 482 3558 tundendo
501 3504 578 3559 dicta
597 3520 657 3559 esse
675 3505 830 3560 voluerunt.
