2460 3840
353 635 396 733 Ο.
429 635 571 733 Pliuii
603 633 797 734 Secundi

114 795 314 879 librorum
343 793 459 877 dubii
487 795 679 877 sermonis
706 793 796 878 VIII
822 794 1030 898 reliquiae.

426 963 452 1034 1.
483 964 530 1034 lie
554 959 714 1036 littoris*

126 1082 168 1130 (Do
182 1081 316 1120 Inventione
330 1080 461 1120 litterarum
475 1081 605 1130 fragmenta
618 1081 725 1120 Pliniana
738 1081 767 1120 cf.
781 1079 950 1122 Adnotationes
958 1098 984 1117 =
993 1084 1021 1131 *.)

134 1193 225 1253 Prisc.
242 1196 292 1268 29,
306 1196 324 1253 8
344 1193 380 1252 In
394 1194 627 1254 consonantibus
642 1213 762 1270 quoquo
776 1195 891 1253 multae
905 1194 983 1254 fiunt
997 1196 1078 1254 simi·
1106 1206 1119 1246 5

68 1282 141 1341 liter
160 1283 417 1342 commutationes.
441 1284 471 1342 L
484 1283 643 1360 triplicem,
661 1285 698 1341 ut
711 1281 810 1341 Plinio
824 1283 953 1361 ridetur,
972 1302 1078 1343 sonum

68 1369 171 1431 habet:
196 1372 311 1446 exilem,
336 1373 455 1449 quando
479 1373 651 1451 geminatur
671 1371 800 1430 secundo
823 1372 889 1431 loco
913 1373 1021 1450 posita,
1042 1376 1079 1432 ut

66 1460 132 1536 ille,
155 1461 310 1539 Metellus;
337 1462 474 1539 plenum,
498 1461 617 1538 qnando
640 1459 708 1519 finit
729 1460 851 1519 nomina
873 1462 922 1521 vel
945 1462 1077 1539 syllabas

69 1553 100 1609 et
123 1550 244 1628 quando
267 1550 402 1626 aliquam
423 1550 515 1609 habet
537 1554 608 1609 ante
632 1567 663 1608 se
686 1549 718 1607 in
742 1549 846 1608 eadam
869 1550 987 1627 syllaba
1009 1569 1078 1610 con-

68 1643 239 1715 sonantem,
266 1642 302 1698 ut
326 1639 383 1718 sol,
408 1640 497 1711 silva,
520 1639 631 1712 flavus,
655 1639 766 1714 clarus3
789 1638 923 1698 medium
945 1640 977 1698 in
1000 1641 1077 1718 aliis,
1092 1653 1117 1692 10

68 1731 104 1787 ut
127 1730 254 1805 lectum,
282 1729 387 1787 lectus.
433 1729 544 1788 transit
565 1729 597 1787 in
619 1745 652 1805 ec,
679 1731 715 1787 ut
737 1728 875 1807 paulum,
898 1728 1077 1808 pauxillum,

67 1818 149 1875 mala
171 1816 305 1894 maxilla,
328 1817 428 1876 velum
451 1817 611 1894 vexillum3
634 1817 666 1875 in
683 1836 701 1876 r
718 1820 754 1876 ut
776 1816 882 1876 tabula
899 1818 1031 1878 taberna.

133 1904 223 1963 Prisc.
249 1907 288 1964 29
295 1949 304 1982 ,
321 1907 361 1964 15
384 1905 424 1962 M
449 1906 610 1965 obscurum
637 1906 669 1964 in
697 1896 886 1965 extremitato
910 1906 1077 1967 dictionum

67 1996 162 2066 sonat,
186 1996 222 2051 ut
240 1994 395 2071 templum,
419 1996 558 2070 apertum
576 1994 608 2052 in
625 1994 782 2072 principio,
805 1998 996 2073 utmagnus,
1014 2015 1076 2056 me·

65 2082 164 2142 diocre
186 2080 219 2140 in
241 2081 359 2160 mediis,
385 2086 422 2142 ut
444 2083 558 2142 umbra.
603 2083 714 2142 transit
735 2082 768 2140 in
789 2101 823 2161 a,
850 2086 881 2142 et
902 2085 1030 2144 maxime
1054 2087 1113 2146 d1⁵

65 2173 115 2232 vel
134 2191 148 2231 c
166 2173 215 2232 vel
234 2177 245 2230 t
261 2173 312 2232 vol
330 2190 347 2245 q
365 2173 571 2250 sequentibus,
593 2175 631 2231 ut
648 2174 768 2231 tantum
786 2173 973 2252 tantundem,
996 2174 1077 2233 idem

65 2260 241 2338 identidem,
270 2279 372 2320 eorum
397 2261 571 2337 eorundem,
598 2281 672 2320 num
694 2260 824 2320 nuncubi
848 2264 891 2339 et,
917 2265 954 2322 ut
976 2262 1074 2322 Plinio

64 2350 179 2426 placet,
202 2350 342 2428 nunquia,
365 2369 529 2428 nunquam,
553 2367 661 2425 anceps
683 2369 737 2426 pro
761 2368 888 2426 amceps.

130 2437 221 2496 Prisc.
242 2440 333 2515 31,1
367 2430 431 2520 (N)
459 2439 570 2499 transit
596 2439 627 2498 in
654 2457 684 2497 m
712 2439 905 2516 sequentibus
929 2441 945 2497 b
972 2440 1022 2499 vel
1044 2458 1074 2498 m

64 2526 114 2586 uel
136 2544 160 2598 p
188 2528 309 2585 auctore
332 2526 431 2586 Plinio
460 2531 491 2587 ot
513 2528 674 2603 Papiriano
702 2530 733 2586 et
755 2527 866 2603 Probo,
893 2531 930 2587 ut
952 2528 1073 2607 imbibo,
1088 2542 1114 2582 ao

65 2613 206 2690 imbellis,
229 2613 373 2693 imbutus
400 2616 550 2695 immineo,
573 2615 713 2693 immitto,
736 2615 888 2693 immotus,
910 2617 1074 2697 improbus,

64 2703 243 2780 imperator,
266 2703 397 2779 impello.
757 2737 759 2740 ·

130 2793 221 2852 Prisc.
237 2794 288 2870 26,
304 2795 343 2850 16
366 2791 390 2850 0
403 2793 520 2870 aliquot
533 2793 641 2853 Italiae
655 2792 793 2854 civitates
807 2795 884 2853 teste
898 2795 997 2854 Plinio
1011 2814 1072 2855 non

64 2881 225 2959 habebant,
249 2880 301 2940 sed
323 2881 389 2940 loco
413 2881 478 2940 eius
500 2883 653 2959 ponebant
670 2902 691 2941 a
714 2885 746 2941 et
767 2883 896 2943 maxime
914 2882 1020 2943 Umbri
1044 2886 1074 2944 et

67 2971 166 3030 Tusci.
1090 2985 1116 3026 aa

131 3145 183 3207 Ch.
209 3149 345 3226 135,13
374 3147 543 3208 Laterale
576 3167 614 3207 an
646 3148 826 3208 laterano?
870 3149 923 3208 ubi
954 3149 1072 3210 Plinius

64 3234 168 3293 eodem
194 3235 271 3296 libro
294 3236 338 3295 VI
365 3232 402 3297 ‘si
428 3257 445 3296 r
471 3238 574 3297 littera
600 3239 797 3314 praecesserit
822 3239 854 3298 in
880 3257 1072 3316 quacumque

63 3323 194 3402 syllaba,
223 3326 308 3401 sequi
335 3326 424 3385 debet
451 3328 473 3404 l,
501 3330 537 3386 ut
564 3328 721 3405 augurale.
766 3330 879 3387 eontra
901 3328 974 3383 ssu
996 3341 1093 3396 qnae·

63 3413 198 3490 cesserit,
221 3414 306 3490 sequi
330 3414 420 3476 debet
441 3436 468 3496 r,
491 3420 529 3480 ut
552 3411 698 3481 molare’.

104 3519 173 3560 Pura.
190 3519 242 3560 dub.
253 3533 321 3565 sarm.
953 3507 978 3550 x·
