2460 3840
138 156 183 220 40
342 199 344 208 .
524 155 566 211 De
585 155 766 211 derivatione.

139 307 292 384 dixerunt,
319 306 389 365 illos
412 299 579 366 Albenses'.
620 326 681 366 non
704 306 846 384 quoniam
868 308 1035 368 nescientes
1057 328 1152 368 unam

139 395 356 456 derivationem
380 412 442 454 esse
465 396 521 455 hoc
544 396 691 474 fecerunt,
720 394 830 455 Caesar
852 396 908 456 hoc
931 397 1015 476 dixit,
1039 399 1092 458 sed
1114 402 1152 459 ut

139 484 271 543 facerent
301 484 510 543 discretionem
538 485 618 544 inter
646 485 779 561 colonos,
807 485 886 544 inter
914 485 984 546 illos
1013 489 1044 545 et
1065 487 1151 547 istos.

139 573 256 632 Plinius
280 572 434 633 Secundus
461 577 553 650 negat
580 577 611 633 et
639 573 683 632 ait
705 573 748 632 sic
771 568 986 634 ‘indifferenter
1008 576 1081 635 haee
1105 577 1151 634 in-

112 655 323 723 uveniuntur'.
369 681 440 721 nam
461 665 538 738 puta
560 662 616 721 hoc
638 661 715 720 bene
738 662 865 722 dicimus
888 663 924 722 de
947 663 1035 724 Alba.
1077 665 1153 742 quid

139 751 267 810 facimus
291 751 327 809 de
350 749 464 809 Antia?
504 753 580 826 puta
608 750 634 809 si
661 751 743 811 dicas
770 751 876 826 Antia,
905 752 983 812 alter
1010 753 1153 814 Antiates

139 840 258 916 dicitur,
277 840 355 898 alter
373 838 533 901 Antianus.
566 858 625 917 quo
644 838 732 898 modo
750 858 909 917 possumus
922 841 1057 901 invenire
1074 843 1154 903 istas

140 926 361 988 derivationes?
394 947 471 1004 quae
494 928 573 988 ratio
593 931 640 987 est
657 931 693 987 ut
710 929 756 987 ita
774 928 853 989 sint?
887 929 1006 990 Siculus
1025 934 1056 990 et
1076 931 1153 991 Siei-

139 1017 242 1076 liensis
260 1016 439 1077 invenimus.
472 1035 550 1094 quae
569 1017 647 1076 ratio
667 1016 732 1076 est?
765 1018 876 1077 Sardus
897 1020 927 1077 et
942 1018 1153 1081 sardiniensis.

100 1122 126 1163 rc
141 1124 324 1183 quamquam
346 1106 378 1164 in
397 1104 540 1165 Cicerone
562 1106 594 1164 in
614 1105 777 1165 Scauriana
796 1107 965 1166 invenimus
982 1109 1073 1167 istem
1093 1109 1153 1169 dis·

140 1194 303 1253 cretionem
331 1194 366 1253 de
396 1194 497 1254 Sardis
525 1197 556 1254 et
585 1194 840 1273 Sardiniensibus‚
868 1199 904 1255 ut
931 1196 999 1256 illos
1027 1197 1153 1277 incolas,

140 1283 209 1342 illos
237 1284 368 1344 advenas
396 1283 510 1344 doceat.
557 1283 610 1342 sed
631 1287 733 1342 tamen
756 1284 864 1343 melius
889 1288 935 1344 est
958 1289 993 1345 ut
1016 1288 1154 1364 sequaris

139 1376 336 1449 praeceptum
358 1373 438 1432 tanti
460 1372 531 1451 viri,
554 1372 645 1431 Plinii
670 1372 805 1432 Secundi.

207 1475 362 1558 (Oh.106‚
381 1483 395 1537 l
413 1479 546 1537 Albani
563 1479 707 1538 dicuntur
724 1478 761 1537 ab
775 1478 863 1556 Alba,
882 1478 1030 1539 Albenses
1049 1484 1154 1540 autem

101 1582 128 1624 15
142 1567 179 1627 ab
201 1567 282 1626 Alba
299 1567 440 1627 Fucente.
478 1568 564 1627 cuius
587 1568 632 1626 rei
655 1586 776 1626 causam
795 1567 891 1628 Varro
911 1569 955 1628 ait
973 1586 1046 1645 esse,
1070 1571 1155 1646 quod

141 1656 282 1734 analogia
310 1656 341 1714 in
367 1657 558 1716 naturalibus
585 1656 756 1716 nominibus
788 1660 909 1716 tantum
937 1660 1087 1733 servatur,
1120 1659 1154 1718 in

140 1744 320 1806 voluntariis
348 1762 420 1806 vero
448 1745 628 1822 neglegitur.
674 1765 745 1804 nam
771 1748 808 1804 ut
835 1765 853 1805 a
880 1746 976 1805 Roma
999 1746 1154 1808 Romanus

141 1833 260 1910 dicitur,
284 1853 302 1892 a
320 1833 400 1893 Nola
416 1833 562 1913 Nolanus,
587 1835 624 1893 ab
642 1833 746 1894 Atella
764 1834 934 1912 Atellanus,
953 1835 995 1894 sic
1014 1834 1154 1896 Albanus

142 1921 179 1981 ab
202 1921 281 1980 Alba
305 1922 364 1981 dici
387 1921 484 1982 debet.
515 1922 547 1981 in
569 1923 624 1981 illa
647 1925 750 1982 autem
767 1923 899 1983 Fucente
918 1923 998 1982 Alba
1016 1924 1072 1983 hoe
1091 1943 1154 1985 non

102 2029 128 2070 ac
142 2013 350 2088 conservatur,
378 2010 458 2089 quod
485 2011 611 2071 alterius
640 2013 758 2071 nomine
787 2013 1023 2089 cognominatur.
1069 2014 1154 2089 quod

141 2101 237 2179 magis
265 2102 404 2177 apparet,
436 2117 505 2159 cum
532 2099 658 2159 dicimus
686 2100 836 2177 Hispanos
865 2104 896 2161 et
923 2101 1045 2178 Sardos,
1076 2101 1155 2162 item

141 2189 355 2267 Hispanienses
374 2192 405 2249 et
425 2189 638 2249 Sardinienses.
671 2207 741 2247 nam
759 2204 828 2248 eum
847 2189 974 2249 dicimus
992 2190 1154 2270 Hispanos,

142 2297 250 2338 nomen
281 2279 413 2338 nationis
451 2278 650 2355 ostendimus3
688 2297 756 2338 oum
793 2280 895 2337 autem
928 2278 1153 2356 Hispanienses,

142 2385 309 2445 cognomen
333 2387 437 2427 eorum
460 2368 512 2444 qui
534 2367 721 2443 provinciam
739 2366 907 2444 Hispanam
925 2367 1070 2446 incolunt,
1094 2369 1154 2429 etsi

101 2471 128 2514 se
141 2474 201 2515 non
223 2449 338 2535 <sunt>
361 2449 513 2537 Hispani.)

210 2562 292 2622 Serv.
316 2562 356 2621 ad
377 2562 451 2622 Aen.
474 2562 518 2621 IX
538 2565 599 2623 703
634 2566 742 2622 taurea
769 2557 870 2642 terga]
907 2563 1067 2639 usurpavit
1098 2583 1155 2640 pro

143 2645 296 2728 ‘taurina'‚
328 2651 403 2710 alibi
435 2654 560 2712 lucrinis
586 2652 715 2725 follibus:
747 2652 841 2728 unde,
873 2652 952 2711 sicut
979 2654 1010 2711 et
1036 2651 1155 2712 Plinius

143 2738 224 2814 dicit,
248 2740 448 2802 derivationes
472 2739 574 2799 fimas
596 2760 657 2799 non
675 2739 787 2799 habent
809 2740 945 2819 regulas,
969 2740 1021 2800 sed
1044 2744 1157 2801 exeunt

142 2831 235 2904 prout
257 2829 429 2888 auctoribus
452 2830 560 2905 placet.

102 2952 130 2992 so
211 2934 293 2994 Serv.
309 2934 347 2993 cd
366 2934 436 2995 Geo.
451 2934 496 2992 IV
512 2937 574 2995 127
604 2933 763 3012 Corycium
789 2934 899 2995 vidisse
928 2933 1042 3012 senem]
1075 2938 1156 2997 male

143 3027 246 3083 eutem
265 3023 387 3102 quidam
404 3017 586 3100 ‘Corycium'
609 3025 765 3100 proprium
788 3042 851 3083 esse
875 3024 1020 3085 adserunt
1038 3044 1157 3105 nomen,

143 3131 212 3172 cum
235 3113 276 3173 sit
299 3112 518 3190 appellativum
541 3113 619 3189 eius,
643 3113 696 3190 qui
718 3132 800 3173 more
824 3111 949 3190 Corycio
977 3113 1081 3174 hortos
1106 3133 1155 3173 ex·

143 3202 251 3261 coluit:
275 3203 356 3280 quod
379 3202 471 3261 etiam
494 3202 586 3261 Plinii
608 3203 780 3262 testimonio
805 3202 1014 3278 conprobatur.
