2460 3840
135 162 177 226 38
563 161 605 215 De
623 162 716 217 verbo.

135 313 215 371 enim
232 315 330 373 tracta
348 313 524 391 intellegere
544 332 634 390 quam
653 313 779 373 inversa.
817 313 955 372 luxurior
972 312 1003 371 in
1022 312 1151 374 crimine

135 405 189 479 est,
212 405 248 461 ut
272 401 429 462 Cornelius
453 402 582 464 Severus
606 403 650 462 ait
678 404 866 462 luuurtuutur
892 419 959 476 opes
981 406 1065 475 utque
1088 405 1152 462 otiu

135 492 221 564 louuu
245 497 422 569 yruuuutuu3
454 491 575 551 luxurio
608 495 710 550 eutem
737 491 769 549 in
795 491 898 566 laude,
928 493 964 549 ut
990 490 1151 568 Vergilius

134 581 319 654 luxuriatque
337 584 415 640 toris.
444 580 595 658 significat
614 581 693 639 enim
711 599 771 638 non
790 580 946 640 lasciviam
964 580 1074 639 mentis
1094 582 1152 640 sed

106 669 348 730 thabitudinem.
386 669 444 744 (De
459 669 527 728 aliis
541 669 679 747 vestigiis
692 669 839 727 Plinianis
854 668 922 728 vide
936 689 964 745 p.
977 669 1017 727 37
1040 661 1149 751 infre.)

197 758 288 817 Prisc.
308 761 381 834 393,
398 761 415 816 7
440 759 588 834 amplecto
613 776 733 834 quoque
752 777 806 833 pro
827 758 992 833 amplector
1011 759 1041 816 et
1060 775 1146 817 com-

131 847 231 924 plecto
254 865 308 922 pro
333 846 521 921 complector.
560 847 612 905 sed
635 849 794 906 eteorum
817 849 847 905 et
870 847 1059 923 superiorum
1083 865 1148 906 om·

131 936 216 994 nium
238 953 312 994 usus
340 938 405 993 1111
428 936 509 1011 apud
533 933 664 1011 Oaprum
689 954 781 1012 quam
802 935 935 993 Plinium
958 938 990 994 et
1011 934 1150 996 Probum

130 1042 274 1084 invenies.

92 1129 118 1168 ro
198 1112 233 1171 Κ.
248 1112 277 1169 V
292 1115 367 1190 233,
382 1114 423 1173 34
439 1105 557 1193 (Pomp.
572 1104 693 1194 comm.)
712 1113 803 1172 adulo
821 1112 921 1171 media
939 1113 1057 1189 syllaba
1074 1133 1147 1189 pro-

131 1201 260 1259 ducitur.
292 1203 382 1278 plane
401 1203 432 1261 11
451 1203 510 1262 isto
529 1202 620 1263 verbo
639 1203 756 1261 Plinius
775 1200 930 1261 Secundus
949 1201 1032 1261 dedit
1050 1221 1147 1262 unam

130 1290 289 1350 rationem.
327 1291 400 1369 quid
423 1295 469 1351 est
492 1293 583 1351 adulo
607 1294 638 1350 et
661 1292 800 1368 quidest
823 1289 948 1349 adulor?
986 1290 1060 1349 dicit
1084 1291 1146 1352 dis·

131 1379 294 1439 cretionem
323 1399 378 1457 per
405 1399 499 1440 casus.
546 1380 665 1457 quando
688 1381 734 1441 vis
763 1380 851 1456 quasi
874 1380 1005 1438 activam
1028 1376 1145 1456 signifi-

131 1469 280 1529 cationem
295 1470 494 1545 introducere,
509 1470 716 1530 accusativum
730 1470 787 1545 fac,
802 1469 892 1527 adulo
903 1468 1005 1545 illum;
1021 1470 1144 1545 quando

91 1573 118 1613 15
131 1559 177 1618 vis
206 1559 293 1634 quasi
319 1559 472 1634 passivam
499 1558 749 1636 significationem
775 1557 977 1633 introducere,
1006 1557 1146 1618 dativum

130 1647 191 1722 fac,
215 1647 322 1705 adulor
344 1647 404 1705 illi:
429 1650 460 1706 et
482 1646 572 1707 adulo
596 1648 685 1707 illum
709 1650 739 1707 et
758 1647 865 1706 adulor
883 1647 937 1706 illi.
971 1649 1002 1704 et
1019 1665 1051 1704 re
1069 1666 1145 1706 vera

130 1734 208 1792 hano
226 1734 375 1794 rationem
393 1735 486 1794 etiam
500 1733 603 1795 Oioero
622 1739 744 1796 secutus
764 1739 824 1795 est:
844 1754 915 1794 nam
933 1735 964 1793 in
982 1734 1041 1794 fine
1056 1735 1143 1796 Piso·

130 1823 237 1881 nianae
260 1823 292 1881 in
315 1824 423 1883 ultimo
448 1824 546 1900 capite
570 1825 614 1884 ita
637 1825 726 1901 dixit,
756 1842 853 1884 omues
876 1826 1057 1901 uduluuteru,
1080 1844 1143 1884 non

130 1910 206 1970 dixit
229 1906 378 1972 ‘omnibus
402 1907 597 1974 adulantem'.
644 1932 715 1991 ergo
739 1913 846 1973 adulor
871 1913 919 1971 illi
941 1913 1068 1972 dicimus
1098 1911 1144 1990 [et

79 2016 119 2083 ,ao
133 2001 223 2060 adulo
246 1999 305 2076 illi]
331 2005 362 2061 et
384 2002 476 2061 adulo
499 2002 595 2062 illum.

196 2089 277 2150 Serv.
293 2091 331 2150 ad
344 2090 419 2150 Aen.
434 2091 494 2150 VH
508 2093 571 2150 273
596 2109 678 2149 mens
702 2087 847 2168 augurat]
872 2109 988 2168 auguro
1013 2090 1142 2151 dicimus

129 2179 293 2238 secundum
306 2179 447 2258 Plinium,
462 2199 530 2239 oum
544 2179 701 2257 praesagio
716 2180 825 2238 mentis
839 2180 945 2237 futura
959 2179 1141 2257 colligimus

128 2286 262 2344 auguror
284 2288 355 2331 vero
378 2273 465 2347 tunc,
493 2287 562 2328 cum
584 2269 689 2328 futura
711 2269 790 2328 veris
814 2271 970 2344 captamus
994 2269 1141 2346 auguriis.

196 2358 277 2418 Serv.
293 2358 332 2417 ad
345 2358 419 2419 Aen.
433 2359 449 2418 I
465 2360 527 2419 546
548 2358 573 2417 si
591 2358 726 2418 vescitur
744 2355 832 2432 aura]
852 2374 957 2418 vescor
975 2356 1029 2415 illa
1047 2376 1088 2433 re,
1103 2362 1141 2418 ut

88 2459 115 2500 25
129 2446 202 2504 alibi
224 2451 347 2507 uescitur
370 2497 376 2508 .
396 2497 401 2507 .
423 2497 428 2507 .
454 2451 532 2508 eutis.
568 2467 623 2507 111
646 2466 700 2507 111
725 2446 856 2522 decipiet
880 2445 961 2523 quod
983 2445 1057 2505 dicit
1075 2445 1138 2504 Pli-

128 2668 184 2722 Sed
201 2669 323 2724 maxime
343 2672 462 2739 apparet
481 2686 515 2723 ex
534 2668 675 2723 Ciceronis
694 2669 712 2722 l.
732 2668 767 2722 de
786 2668 878 2737 gloria
892 2667 992 2735 (Diem.
1008 2672 1068 2738 382,
1084 2672 1139 2738 26),

128 2738 203 2807 quod
222 2756 292 2808 opus
312 2742 341 2795 et
360 2740 515 2809 111113
534 2742 563 2794 11
582 2745 641 2808 133,
658 2744 674 2792 9
696 2739 727 2792 11
744 2738 881 2793 Ρ11111111
899 2738 1054 2809 invenitur,
1077 2740 1140 2793 tum

128 2826 161 2864 ex
180 2809 215 2863 iis
231 2827 303 2877 quae
321 2813 387 2864 sunt
399 2811 489 2865 Diom.
505 2816 565 2880 385,
581 2816 615 2864 30
631 2810 761 2878 (Scaurus
777 2809 811 2865 de
825 2809 896 2879 vita)
911 2813 1015 2879 11387,
1030 2816 1045 2864 6
1061 2808 1139 2880 (Val-

128 2880 191 2950 gius
205 2880 313 2951 Rufus).
327 2913 363 2922 —
378 2881 489 2937 6Prisc.
505 2887 565 2951 393,
582 2886 596 2934 7
616 2880 799 2953 amplecto]
813 2881 882 2935 Inde
897 2898 914 2935 a
927 2898 992 2952 pag.
1003 2886 1140 2936 3801111-

127 2953 222 3022 plures
247 2955 374 3007 auctores
397 2953 557 3008 miscentur.
598 2951 729 3005 Pliniana
752 2952 811 3006 hic·
825 2951 885 3006 illic
906 2969 957 3020 per
980 2951 1138 3023 scriptores,

128 3041 198 3092 quos
216 3022 325 3077 Plinius
345 3023 421 3078 solus
440 3023 575 3078 adhibere
594 3023 674 3092 solet,
693 3022 777 3077 facile
792 3039 882 3078 eruas.
905 3022 970 3078 Non
984 3023 1024 3077 sic
1042 3026 1140 3077 temen

127 3095 247 3149 multum
269 3094 438 3165 proficimus.
475 3094 574 3162 Neque
601 3101 721 3163 magnae
748 3093 868 3148 utilitati
891 3096 935 3149 est
957 3097 1044 3175 eaput
1065 3093 1140 3149 illud

127 3165 288 3221 (lollianum
312 3165 532 3237 (1111111)
558 3181 648 3233 neque
671 3165 778 3219 Nonius
802 3166 847 3235 (de
871 3165 1018 3219 contrariu
1044 3180 1138 3234 gener.

126 3238 294 3301 verborum).
325 3239 359 3292 In
373 3239 426 3293 hoc
439 3253 532 3291 rerum
550 3239 627 3290 statu
640 3237 767 3307 relegare
782 3238 818 3290 ad
832 3237 892 3304 hos,
911 3236 960 3304 qui
979 3235 1072 3289 aliena
1086 3253 1139 3306 pro

128 3308 185 3363 suis
208 3310 369 3378 venditant,
396 3308 465 3363 satis
487 3307 587 3363 habeo.
621 3308 655 3363 cf.
677 3308 817 3377 Schmidt,
845 3308 879 3361 de
902 3306 988 3361 Nonii
1010 3306 1139 3360 Marcelli

127 3381 289 3434 auctoribus
307 3398 424 3450 gramm.
439 3399 466 3449 p.
482 3384 524 3434 61.
544 3378 676 3448 Quisquis
690 3379 745 3433 fuit
758 3382 864 3446 auctor,
879 3378 913 3432 de
923 3376 1036 3432 Valerio
1046 3377 1138 3433 Probo

124 3449 240 3518 Berytio
259 3451 374 3506 minime
393 3450 575 3520 cogitandum
594 3467 655 3505 esse
673 3449 744 3503 mihi
763 3452 881 3504 constat.
901 3481 933 3489 -
953 3455 989 3502 24
1007 3449 1082 3505 Serv.
1100 3451 1139 3504 ad

124 3518 209 3590 Verg.
228 3522 295 3578 Aen.
315 3523 328 3576 1
347 3523 410 3594 546]
430 3522 465 3577 of.
486 3521 523 3575 ad
541 3522 609 3577 Aen.
629 3522 715 3590 1164,
734 3522 771 3574 IX
792 3524 852 3588 631,
871 3520 897 3573 X
916 3525 976 3575 643.
