2460 3840
196 167 238 221 De
257 164 493 221 dativo-ablativo
511 166 616 236 plurali
633 166 664 220 in
682 169 718 222 -18
736 184 786 236 pro
806 170 879 223 -a'bua
897 172 1024 225 exeunte.
1072 170 1113 234 19

105 319 162 378 hac
186 318 249 377 acie
272 318 362 375 huius
386 317 473 394 aciei,
498 316 535 375 ab
558 317 614 375 hac
633 317 730 393 specie
748 318 839 378 huius
858 320 976 397 speciei,
1000 321 1115 381 scilicet

105 408 282 466 emanente
309 406 341 464 in
367 405 575 482 productione,
605 405 685 481 quod
707 409 720 465 1
746 410 816 466 ante
845 425 876 466 88
899 409 998 468 habet.
1043 429 1114 469 nam

106 496 132 555 si
150 515 210 555 non
228 495 348 572 habeat,
368 495 548 571 corripietur
565 494 595 551 in
615 494 765 572 genetivo,
783 499 820 554 ut
838 495 875 554 ab
895 497 950 555 hac
969 515 1021 572 spe
1040 499 1113 576 spei,

104 604 136 644 re
164 585 222 661 rei,
249 584 307 642 fide
334 582 417 657 fidei,
445 601 629 659 quamquam
655 583 687 641 in
715 585 875 643 Aulularia
902 585 1029 644 Plautus
1056 590 1114 658 11118

104 674 220 732 dixerit.
267 673 345 731 fame
373 674 475 730 tamen
497 671 688 748 producitur,
716 674 853 749 quamvis
876 693 936 733 non
958 674 1069 734 habeat
1090 679 1110 755 1,
1138 691 1151 733 5

104 765 134 822 81
166 762 232 821 ideo
266 763 403 820 auctores
433 760 525 819 etiam
554 761 644 820 huius
676 761 749 819 fami
786 762 936 841 dixerunt,
969 765 1005 823 ut
1033 764 1113 824 idem

102 852 231 910 Plautus
258 851 290 908 in
318 848 420 908 Sticho
448 851 524 924 fumi
550 849 652 927 dativo
681 868 765 925 casu,
793 853 825 912 81
851 851 947 911 Varro
971 854 1111 930 genetivo

102 941 193 999 huius
215 942 303 1014 fumi,
328 957 396 996 cum
418 937 507 997 famis
530 937 570 997 sit
592 938 728 999 rationis.

355 1121 388 1177 h.
425 1120 474 1175 De
497 1120 705 1176 nominativo
728 1120 863 1191 plurali.

170 1241 222 1301 Ch.
248 1242 384 1317 133,11
414 1240 510 1315 Ibes,
537 1241 594 1300 hae
620 1241 685 1300 ibes
714 1241 862 1300 Aemilius
889 1242 1002 1320 Macer,
1031 1239 1109 1322 [tum
1125 1261 1151 1302 ro

102 1348 204 1389 sacrae
223 1329 350 1390 veniunt
368 1329 536 1389 cultoribus
553 1326 645 1405 idest]
670 1330 738 1389 81118
756 1347 790 1389 ex
807 1332 928 1390 urbibus
946 1333 1013 1400 ibes,
1036 1332 1110 1392 item

102 1421 245 1479 auxilium
263 1435 365 1478 888888
382 1421 500 1478 valeat
518 1419 673 1478 cultoribus
689 1419 756 1477 1188.
779 1418 833 1477 ubi
845 1418 962 1478 Plinius
976 1420 1052 1480 libro
1067 1421 1111 1479 VI
1212 1423 1214 1427 ’

101 1508 244 1567 sermonis
264 1507 348 1566 dubii
368 1500 587 1585 ‘antiquorum'
606 1506 706 1583 inquit
725 1501 851 1585 ‘regula
870 1509 1012 1586 quoniam
1032 1528 1109 1586 quae

100 1600 126 1656 18
148 1596 334 1657 nominativo
358 1596 507 1674 singulari
533 1599 604 1654 sunt
630 1595 792 1655 terminata
813 1597 845 1654 in
869 1615 898 1657 es
919 1598 1033 1673 plurali
1055 1618 1108 1657 no-

99 1687 245 1746 minativo
269 1679 472 1744 clauduntur'.
1123 1701 1149 1744 15

166 1773 217 1834 Oh.
245 1775 373 1850 140,14
400 1771 592 1831 Palumbcs
619 1772 703 1832 Maro
731 1774 782 1832 ait.
816 1775 974 1850 palumbes
1002 1795 1020 1834 a
1048 1796 1107 1854 quo

99 1863 284 1922 nominativo
307 1861 410 1921 veniat
433 1861 537 1937 quaeri
556 1862 632 1920 solet
655 1853 706 1943 (cf.
730 1861 782 1921 oh.
804 1865 876 1943 106,
892 1857 957 1944 30).

98 2063 119 2120 i.
146 2062 195 2118 De
213 2059 490 2116 dativo-ablativo
508 2060 634 2130 plurali
652 2059 688 2116 in
701 2055 739 2118 18
752 2074 814 2131 pro
828 2057 921 2119 10888
934 2060 1107 2120 exeunte*

369 2149 423 2214 (81.
447 2151 490 2205 (18
513 2149 667 2219 genetivo
689 2149 836 2220 plurali).

158 2269 210 2330 Ch.
236 2273 374 2347 131,10
402 2263 645 2330 ‘Glossemata
671 2272 707 2329 ut
734 2272 918 2349 toreumata,
949 2272 1143 2349 enthyme-ac

95 2361 190 2438 mata,
213 2362 366 2434 noemata,
395 2359 560 2436 schemata,
583 2362 724 2436 poemata
747 2362 778 2418 81
800 2359 847 2418 his
870 2360 982 2419 similia
1005 2362 1104 2421 omnia

95 2449 238 2509 Varronis
257 2442 374 2526 regula’
397 2449 497 2526 inquit
515 2448 632 2507 Plinius
656 2442 770 2508 ‘dativo
790 2451 821 2507 81
839 2448 972 2509 ablativo
989 2451 1104 2527 plurali

95 2538 126 2595 in
149 2541 202 2598 bus
225 2538 337 2615 dirigit,
361 2537 433 2614 quia
451 2537 613 2616 singularis
632 2537 784 2598 ablativus
804 2555 818 2597 e
836 2538 940 2597 littera
958 2533 1102 2602 finiatur'.

93 2628 200 2685 melior
213 2629 313 2684 tamen
327 2627 405 2685 ratio
420 2629 466 2686 881
487 2645 578 2703 quam
593 2626 648 2685 sub
663 2645 682 2685 8
695 2626 798 2686 littera
812 2627 880 2685 dedi
891 2619 957 2708 (Oh.
970 2630 1041 2703 123,
1053 2621 1102 2709 3),

93 2719 125 2775 et
146 2716 213 2774 ideo
237 2712 310 2772 hacc
334 2717 364 2773 81
387 2715 533 2774 eiusmodi
556 2734 592 2774 ex
610 2716 670 2774 alia
688 2715 819 2775 formula
842 2716 1016 2793 genetivum
1033 2718 1101 2794 plu·
1116 2731 1143 2772 as

92 2805 187 2864 ralem
206 2806 241 2863 et·
255 2822 291 2862 ex
309 2803 369 2863 alia
389 2804 524 2864 dativum
542 2808 675 2882 sumunt,
693 2805 801 2863 horum
818 2806 1036 2882 glossematum
1054 2806 1100 2866 his

92 2893 290 2971 glossematis.

159 2981 211 3044 Oh.
237 2984 309 3058 125,
330 2983 369 3041 23
395 2979 552 3040 Cetariis
570 2981 754 3057 Pomponius
774 2981 926 3042 Secundus
950 2983 988 3042 ad
1007 2984 1100 3042 Thra-

93 3171 127 3219 14
145 3167 195 3221 ubi
213 3173 228 3234 5
248 3172 281 3220 25
306 3167 433 3222 Caesaris
455 3167 528 3221 liber
551 3167 585 3221 de
609 3167 692 3222 analo
715 3166 742 3222 'a
761 3167 787 3221 11
808 3167 916 3222 fontem
938 3168 1099 3223 Plinianum

90 3237 192 3306 prodit.
230 3237 302 3303 Quid
320 3241 416 3293 tamen
434 3237 464 3292 in
482 3237 611 3293 omnibus
629 3237 674 3291 his
704 3236 761 3292 ocis
779 3238 866 3293 Plinii
885 3239 934 3309 811,
954 3239 1023 3308 quid
1040 3258 1099 3295 non

90 3309 166 3363 haud
189 3309 273 3364 facile
296 3309 432 3365 enuclees.
468 3308 588 3363 Tentavi
613 3308 722 3378 aliquid
740 3309 771 3364 in
790 3310 867 3366 stud.
888 3308 959 3365 Gall.
979 3314 1008 3365 et
1025 3311 1097 3370 Plin.

90 3398 116 3449 p.
132 3386 210 3449 tsq,
227 3382 260 3434 ut
278 3380 396 3436 aliorum
415 3397 526 3450 quoque
544 3379 652 3435 animos
671 3381 708 3434 ad
725 3380 799 3435 hanc
817 3398 876 3435 rem
890 3382 1096 3439 contenderem.

92 3484 122 3491 -
153 3457 186 3506 10
205 3450 253 3507 ch.
274 3456 336 3519 133,
353 3458 384 3506 11
403 3451 490 3522 ibes]
518 3451 595 3509 locus
614 3453 772 3522 corruptus,
796 3452 831 3506 de
854 3469 909 3520 quo
935 3452 969 3509 cf.
990 3453 1096 3509 Keilius

88 3523 119 3576 in
137 3523 201 3578 adn.
221 3525 250 3577 et
267 3522 338 3580 Phil.
357 3523 383 3578 11
400 3542 426 3593 p.
443 3529 502 3577 193.
533 3520 535 3529 ’

903 3613 941 3664 Q}
