2460 3840
122 163 173 218 XX
407 161 657 218 commentariolus
676 162 845 234 isagogicas.

122 305 273 376 prudentia
292 308 321 360 et
339 303 489 375 diligentia
508 306 648 374 agendum
672 304 721 375 sit,
741 322 804 359 oum
829 305 913 360 huius
937 305 1028 376 operis
1051 323 1134 361 voca-

122 387 189 440 bula
208 385 377 440 arbitrorum
393 385 455 439 loco
475 385 579 439 auxilio
595 385 769 455 arcessimus,
784 385 831 440 616
846 388 889 440 661
904 387 1131 454 quodmoneam.

194 466 339 521 Librorum
366 465 592 533 antiquissimum
615 465 766 534 vestigium
789 469 854 535 post
871 466 1070 520 Palaemonem
1093 466 1135 519 16-

123 547 235 602 venitur
262 547 338 616 apud
356 544 561 612 Quintilianum
583 545 613 598 16
636 562 669 600 eo
693 545 786 616 capite
810 547 885 614 6661
909 549 953 600 661
972 547 1023 600 ‘de
1042 564 1134 617 gram-

122 625 391 696 matica'(14—8).
426 623 589 694 Nettleship
616 625 720 696 (Journ.
748 626 779 680 61
803 625 872 696 phil.
892 627 943 680 XV
962 630 1025 693 200)
1053 630 1136 696 putat

122 705 244 775 priorem
261 707 373 775 partem
391 703 474 758 huius
493 710 519 760 4.
533 704 635 774 capitis
650 709 675 775 (5
691 709 788 776 1-11)
803 708 832 762 61
845 706 947 776 capitis
963 713 978 760 7
993 710 1020 777 (5
1035 710 1134 776 4-28)

122 785 221 855 paucis
245 784 368 856 exceptis
392 783 519 838 aVerrii
537 784 631 840 Flacci
654 802 736 855 opere
762 787 808 841 ‘de
828 784 1048 858 Orthographia'
1075 802 1135 842 6666

125 868 229 935 ortam;
252 865 328 919 idem
352 864 498 919 contendit
519 864 586 919 libri
604 865 616 917 1
636 870 721 935 caput
740 871 755 919 5
780 873 794 932 5
814 867 897 920 54-Ι
917 873 932 921 6
952 873 966 933 5
986 873 1020 921 28
1043 865 1134 922 Plinio

123 945 304 1000 tribuendum
331 961 400 1000 6666.
437 945 536 1013 Neque
559 948 655 999 tamen
673 945 787 1000 Verrius
811 946 939 1016 proprius
963 950 1135 1015 auctorest,

125 1026 175 1080 sed
193 1041 243 1094 per
262 1027 351 1078 artem
369 1023 557 1093 Palaemonis,
574 1025 706 1094 magistri
724 1025 893 1091 Quintiliani
911 1030 943 1082 ut
960 1027 1080 1096 videtur,
1100 1045 1134 1082 66

123 1121 229 1174 magna
246 1107 328 1174 parte
346 1105 376 1158 in
391 1103 560 1169 Quintiliani
577 1105 682 1159 librum
695 1105 810 1160 transiit
824 1108 894 1161 baec
909 1107 1036 1162 doctrina
1054 1108 1134 1179 (ibid.

124 1204 152 1255 p.
164 1187 233 1256 211).
257 1185 318 1241 Hoc
332 1187 406 1240 recte
420 1184 525 1239 vidisse
538 1184 629 1239 virum
644 1186 679 1240 de
692 1185 796 1240 litteris
809 1186 987 1242 latinisbenc
996 1188 1136 1260 meritum,

124 1265 238 1335 lugubri
266 1266 337 1320 cheu
368 1264 527 1335 nuperrime
554 1266 614 1320 fato
642 1283 705 1320 oum
732 1282 834 1335 magno
861 1267 1014 1322 multorum
1041 1270 1137 1324 dolore

124 1346 206 1400 nobis
225 1348 365 1416 creptum,
384 1363 465 1401 nemo
489 1363 546 1400 non
564 1345 643 1400 vidit.
680 1346 795 1400 Praeter
818 1362 943 1414 eaquae
962 1347 1011 1403 illc
1030 1350 1137 1418 profert

125 1429 299 1496 argumenta,
320 1426 378 1479 alia
397 1429 463 1481 sunt
480 1426 557 1480 haud
577 1443 643 1480 sane
664 1427 828 1496 spernenda.
864 1427 971 1481 Extant
993 1427 1054 1484 illic
1071 1448 1136 1500 pro-

124 1505 198 1560 fecto
212 1505 432 1560 Palaemoniana
446 1506 490 1577 (of.
501 1506 662 1576 Marschall,
678 1506 713 1560 de
722 1505 900 1560 Palaemonis
914 1506 994 1560 libris
1009 1525 1136 1579 gramm,

126 1584 239 1654 Lipsiae
259 1590 327 1639 1887
345 1604 373 1655 p.
390 1589 483 1656 9sq.),
512 1589 610 1642 661661
636 1587 705 1641 item
731 1585 874 1656 Pliniana,
903 1587 1030 1655 adeoque
1048 1588 1137 1644 mixta

125 1668 199 1734 sunt,
213 1667 245 1719 ut
263 1683 319 1720 non
336 1665 421 1721 facile
441 1683 474 1720 ea
493 1665 597 1734 ubique
616 1666 755 1736 seiungas.
784 1667 899 1721 Manum
913 1666 999 1722 Plinii
1013 1685 1135 1737 agnosco

127 1760 150 1799 e.
166 1763 192 1814 g.
211 1746 224 1798 I
243 1751 272 1814 5,
291 1751 306 1811 5
326 1751 359 1799 63
383 1745 414 1800 16
435 1744 596 1810 nominet).
616 1746 744 1802 Caesaris
767 1748 812 1818 (de
835 1746 916 1801 libris
940 1748 1072 1818 analogia
1090 1751 1137 1821 II),

125 1827 153 1879 61
170 1824 201 1878 16
218 1825 263 1896 iis,
282 1842 354 1894 quae
374 1831 541 1894 sequuntur:
562 1827 628 1881 ‘sed
647 1825 846 1882 auctoritatem
865 1828 1036 1882 consuetudo
1055 1845 1135 1899 supe-

124 1904 225 1976 ravit’,
253 1905 421 1974 quibuscum
448 1905 576 1960 conferas
605 1906 653 1963 Ch.
669 1913 712 1977 19,
727 1913 756 1962 3:
785 1908 850 1960 ‘sed
875 1906 965 1961 multa
988 1906 1046 1961 iam
1072 1926 1136 1963 con-

124 1985 272 2040 suetudine
300 1986 441 2055 superari’
471 1985 622 2057 (Pliniana)
650 1989 679 2042 61
706 1988 755 2044 ch.
777 1993 836 2056 12⁷,
857 1992 890 2041 18
917 1987 951 2041 de
980 1989 1079 2042 eadem
1106 2005 1136 2043 66

128 2065 371 2120 ‘consuetudinem
400 2065 495 2120 dicens
523 2065 652 2136 (Plinius)
680 2068 772 2122 facere
799 2067 872 2121 hanc
900 2067 1030 2138 Callisto,
1063 2069 1137 2124 hanc

127 2145 267 2216 Calypso’.
292 2145 363 2200 Tum
377 2145 474 2215 magni
487 2145 573 2216 pretii
586 2150 651 2201 sunt
660 2150 796 2216 auctores,
811 2164 881 2214 quos
892 2146 1081 2212 Quintilianus
1090 2149 1137 2205 hio

126 2226 186 2280 illic
204 2225 299 2296 tangit
317 2242 364 2281 eos
383 2225 454 2294 dico,
470 2226 519 2295 qui
532 2226 656 2280 inlibris
671 2225 738 2280 solis
753 2225 833 2280 dubii
847 2227 981 2281 sermonis
995 2244 1046 2282 nec
1061 2230 1137 2298 apud

126 2306 197 2360 61166
220 2306 420 2377 grammaticos
444 2305 624 2362 inveniuntur
645 2306 725 2362 66161
742 2305 882 2360 Labienus
906 2307 936 2360 in
958 2307 1084 2362 oratione
1107 2308 1137 2362 in

124 2387 277 2441 Pollionem
308 2387 332 2456 (I
350 2392 375 2457 5,
390 2390 417 2457 8)
445 2387 490 2457 (cf.
514 2387 615 2443 Philol.
629 2387 667 2442 Vl
687 2391 712 2455 3,
727 2389 802 2456 508),
830 2388 860 2440 61
888 2385 1004 2440 Sisenna
1032 2386 1136 2457 (Quint.

124 2468 138 2522 1
157 2471 241 2538 5,14)
261 2455 430 2522 6111666616
450 2469 473 2538 (I
494 2471 578 2540 5,15)
596 2471 625 2523 61
644 2468 732 2521 Varro
758 2465 799 2519 ‘in
819 2482 851 2520 66
869 2465 957 2536 libro,
976 2483 1030 2535 quo
1053 2466 1138 2522 161116

125 2548 203 2603 urbis
221 2547 376 2603 Romanae'
403 2552 516 2603 enarrat
534 2549 557 2620 (l
576 2549 671 2619 611).
706 2547 767 2601 Hoc
790 2564 876 2599 unum
898 2547 995 2601 tamen
1016 2564 1137 2617 pronun-

125 2628 197 2683 tiare
216 2628 283 2684 licet
302 2629 506 2696 Quintilianum
524 2646 558 2684 66
577 2628 746 2698 quibusdam
770 2625 850 2680 libris
874 2625 970 2696 (Plinii
992 2628 1021 2681 ct
1039 2626 1137 2682 Palae-

125 2708 228 2779 monis)
247 2709 317 2764 haec
336 2709 432 2778 capita
450 2709 653 2778 composuisse,
671 2710 704 2762 61
729 2705 760 2760 16
782 2705 970 2760 confirmando
995 2722 1041 2776 66,
1065 2722 1138 2773 6666

125 2791 200 2842 66616
221 2788 332 2858 scimus,
351 2789 446 2844 116661
465 2789 522 2843 6161
544 2791 645 2859 166166,
663 2788 694 2841 16
716 2785 883 2855 fragmentis
902 2785 972 2855 ipsis
991 2785 1135 2855 expiscan-

127 2867 215 2922 11661
234 2868 435 2924 distribuendis
454 2887 511 2924 non
528 2869 649 2923 multum
666 2867 788 2923 valeant.
826 2867 894 2920 lnde
913 2866 950 2919 61
967 2864 1137 2921 1.(16111661

125 2947 290 3017 transimus,
315 2947 364 3016 qui
386 2947 471 3002 Plinii
493 2948 580 3003 libros
604 2947 684 3002 dubii
707 2946 842 3002 sermonis
865 2947 958 3017 legere
985 2943 1079 3014 potuit
1107 2948 1137 2999 et

127 3026 198 3098 legit
215 3028 344 3099 fortasse,
363 3028 387 3082 si
406 3029 520 3097 quidem
534 3027 585 3082 illa
600 3045 633 3083 66
648 3028 676 3084 0.
693 3027 819 3082 Caesaris
839 3028 874 3081 16
893 3024 1041 3095 analogiae
1056 3024 1135 3080 libris

127 3110 239 3178 sumpta
257 3108 420 3163 testimonia
438 3127 494 3163 non
513 3108 564 3162 alii
583 3108 691 3163 auctori
710 3110 776 3161 sunt
793 3105 951 3161 tribuenda.
982 3105 1024 3159 De
1037 3105 1091 3160 hac
1106 3121 1136 3159 re

127 3188 279 3258 conscripsi
298 3188 397 3243 Studia
415 3205 480 3244 mea
494 3188 625 3244 Gellianus
643 3191 671 3243 et
684 3187 823 3257 Pliniana,
839 3188 868 3241 et
886 3186 954 3254 quid
972 3185 1025 3240 hoc
1039 3184 1137 3240 libello

128 3268 237 3324 efficere
257 3268 412 3324 studuerim
431 3286 464 3324 66
481 3269 536 3322 hac
555 3267 677 3323 editione
697 3269 824 3337 apparet.
852 3267 952 3333 Itaque
971 3265 1047 3334 quod
1062 3265 1138 3320 valet

126 3348 156 3403 16
175 3350 391 3420 Quintilianum,
413 3349 488 3404 idem
507 3348 632 3403 6616116
651 3347 781 3404 Gellium.
817 3345 916 3414 Neque
935 3347 1056 3401 multum
1074 3363 1138 3416 pro-

127 3429 234 3484 ficimus
263 3447 297 3485 ex
325 3430 408 3501 Capri
434 3428 615 3499 fragmentis,
641 3446 724 3496 quem
747 3425 832 3482 Plinii
859 3425 947 3480 libros
975 3425 1138 3481 adhibuisse

106 3504 220 3556 seimus
240 3509 443 3572 (Neomannus
463 3527 491 3579 p.
509 3510 563 3581 37).
601 3508 732 3564 Plurimis
759 3505 829 3562 locis
854 3507 953 3561 eadem
978 3506 1138 3562 observatio
