2460 3826
405 160 656 217 Commentariolus
674 159 843 231 isagogicus.
1062 159 1127 214 XIX

116 304 287 375 scribuntur,
310 304 363 358 hoc
385 303 470 358 titulo
493 303 583 358 utitur
610 302 655 356 ‘P.
678 302 709 356 in
731 301 815 356 tertio
835 301 905 355 artis
924 301 1125 371 grammaticae

116 385 212 439 libro'.
248 385 286 439 At
303 384 380 438 idem
398 384 558 438 Priscianus
576 401 602 452 p.
619 387 672 436 594
690 381 773 438 dicit:
794 384 877 436 ‘teste
891 381 991 451 Plinio,
1011 380 1060 449 qui
1073 381 1127 436 hoc

115 466 146 519 in
170 466 197 519 H
226 465 360 520 sermonis
389 463 469 518 dubii
496 462 641 518 ostendit'.
678 461 764 517 Plinii
790 461 858 516 libri
885 460 964 515 dubii
991 461 1126 516 sermonis

116 545 220 600 centies
243 546 396 600 laudantur
424 561 441 598 a
465 543 605 614 charisio,
630 542 679 611 qui
701 541 763 612 ipse
786 558 820 596 ex
842 540 1043 595 vetustioribus
1066 541 1126 595 fon-

116 625 192 680 tibus
207 625 310 682 hausit.
339 625 392 680 Hic
406 625 507 679 titulus
522 623 642 678 maxime
656 622 786 692 congruit
800 639 863 676 cum
872 621 956 675 titulo
965 621 1051 674 Plinii
1060 621 1127 676 Cae-

116 705 174 759 cilii
189 706 336 775 epistulae,
351 710 383 761 ut
396 706 471 760 hunc
484 703 637 775 genuinum
651 719 712 758 esse
725 705 823 757 nostra
837 704 932 756 aetate
943 701 1035 755 adhuc
1044 716 1125 754 nemo

115 785 268 856 negaverit.
301 785 420 840 Accedit
439 786 514 853 quod
532 785 562 839 in
580 783 756 853 praefatione
775 782 809 836 H.
824 781 859 838 N.
878 798 934 835 non
951 781 1012 852 ipsc
1026 779 1126 835 titulus

116 865 168 933 est,
188 865 237 919 sed
256 865 347 919 solum
367 863 560 934 significantur
577 863 644 917 libri
662 862 787 933 quidam,
806 879 875 930 quos
895 862 930 916 de
943 858 1128 932 grammatica

115 942 213 1000 edidit.
251 943 370 1000 Constat
388 947 483 998 autem
500 943 704 1014 praefationem
722 942 801 998 illam
820 941 955 1012 scriptam
973 956 1034 996 esse
1053 955 1126 994 anno
1152 985 1157 995 .

116 1029 149 1078 77
155 1047 161 1092 3
191 1024 325 1093 quoniam
352 1023 535 1094 philosophos
559 1026 588 1079 et
611 1022 810 1095 grammaticos
832 1021 890 1076 iam
914 1023 1011 1077 decem
1038 1036 1127 1075 annos

115 1106 214 1159 contra
232 1105 283 1158 hos
302 1103 389 1158 libros
407 1103 546 1174 parturire
564 1103 626 1174 ipse
645 1104 799 1173 profitetur,
819 1118 892 1157 anno
912 1108 946 1156 67
964 1102 1022 1157 fere
1039 1100 1126 1155 libros

114 1184 314 1253 grammaticos
342 1183 432 1238 editos
461 1200 521 1238 esse
549 1183 609 1238 veri
636 1183 728 1238 simile
756 1186 807 1238 est.
835 1183 854 1239 i.
874 1199 897 1238 e.
923 1183 991 1237 ‘sub
1016 1182 1128 1236 Nerone
1176 1181 1179 1185 ’

113 1263 275 1319 novissimis
294 1263 395 1320 annis’.

186 1342 280 1410 Atque
298 1348 367 1412 quot
385 1346 414 1398 et
433 1344 547 1413 quantis
564 1344 688 1415 negotiis
708 1343 867 1413 destrictus,
885 1345 954 1412 quot
972 1345 1001 1396 et
1020 1345 1127 1410 quanta

115 1439 201 1492 opera
219 1423 362 1493 scripserit
375 1423 483 1478 Plinius
501 1441 558 1480 non
576 1424 747 1494 ignoramus.
771 1423 879 1478 Scimus
893 1421 1017 1476 Plinium
1035 1424 1126 1475 totum

115 1502 190 1556 diem
208 1501 320 1572 legisse,
339 1506 431 1558 totum
449 1504 630 1574 excerpsisse,
649 1507 741 1559 totum
760 1503 953 1571 adnotavisse;
972 1518 1037 1556 eum
1054 1500 1128 1554 nihil

115 1582 219 1652 legisse
247 1585 323 1650 quod
349 1601 406 1638 non
434 1588 607 1653 excerperet,
634 1583 765 1639 arbitrari
788 1599 870 1638 omne
893 1585 1004 1652 tempus
1027 1580 1126 1652 perire,

117 1663 192 1731 quod
221 1662 323 1717 studiis
350 1680 406 1717 non
433 1663 648 1732 impenderetur.
685 1665 746 1719 Iam
772 1664 851 1718 mille
878 1663 1015 1717 habemus
1045 1678 1127 1731 argu-

114 1748 224 1814 menta,
248 1743 350 1811 quibus
374 1744 560 1797 demonstrari
582 1745 677 1813 potest
696 1761 760 1799 eum
779 1761 813 1799 ex
831 1743 959 1812 quolibet
977 1742 1049 1797 libro
1068 1741 1126 1797 fere

116 1823 210 1878 omnia
229 1840 302 1892 quae
320 1823 477 1878 contineret
493 1840 598 1893 magna
620 1840 709 1892 parva
730 1824 893 1893 protrahere
917 1822 963 1876 vel
985 1822 1011 1876 ei
1031 1839 1127 1876 sucum

116 1906 146 1958 et
163 1903 330 1973 sanguinem
348 1918 483 1972 exsugere
502 1902 617 1958 solitum
635 1919 709 1960 esse:
734 1902 923 1958 distribuebat
940 1902 1035 1972 igitur,
1054 1918 1127 1970 quae

115 1983 270 2050 invenerat,
288 1981 319 2035 in
338 1999 402 2036 suas
419 1998 547 2051 quaeque
567 1983 647 2037 sedes
666 1988 717 2039 aut
733 1984 827 2037 locum
845 1983 965 2037 eundem
980 1982 1127 2036 occasione

116 2063 214 2117 oblata
231 2063 293 2116 tnm
311 2061 365 2116 hoc
383 2065 444 2116 tum
461 2062 511 2117 illo
526 2063 644 2118 consilio
659 2080 692 2118 ex
706 2062 813 2117 horreis
828 2062 1019 2131 depromebat.
1046 2060 1126 2126 Quod

117 2145 184 2197 ante
207 2141 302 2196 omnia
324 2141 401 2211 passi
425 2147 490 2198 sunt
511 2142 578 2197 libri
595 2142 764 2198 Varroniani
787 2143 861 2197 sicut
883 2144 912 2196 et
934 2139 1075 2210 Grnppius
1097 2139 1128 2192 in

113 2239 214 2278 comm.
232 2222 360 2277 Momms.
379 2241 407 2292 p.
423 2227 475 2277 550
494 2226 523 2278 et
542 2223 685 2279 Cichorius
707 2223 738 2277 in
760 2240 859 2278 comm.
878 2222 1012 2278 Ribbeck.
1032 2240 1058 2291 p.
1074 2225 1126 2275 415

115 2301 253 2373 singulari
272 2302 429 2373 sagacitate
444 2304 715 2359 demonstraverunt.
742 2304 784 2358 De
798 2304 897 2358 eadem
910 2318 940 2356 re
954 2301 1015 2371 ipse
1032 2301 1127 2370 dispu-

112 2385 173 2440 tavi
205 2384 236 2438 in
267 2382 346 2438 Stud.
375 2383 512 2438 Gellianis
539 2402 566 2454 p.
582 2389 617 2438 30
643 2386 673 2439 et
704 2382 734 2437 in
765 2383 913 2451 Philologo
940 2382 974 2437 N.
994 2382 1024 2437 F.
1044 2381 1083 2435 Vl
1101 2388 1126 2449 3,

114 2482 141 2534 p.
157 2468 306 2518 soe-513.
333 2462 366 2514 In
385 2462 419 2516 N.
435 2463 469 2519 H.
484 2464 589 2519 multas
603 2479 647 2518 res
661 2463 796 2517 Romanis
815 2456 958 2517 inaudibs
972 2460 1125 2529 tractabat,

113 2544 219 2598 multas
247 2542 335 2597 etiam
361 2543 537 2612 peregrinas3
566 2559 652 2611 quam
679 2546 714 2599 ob
741 2560 801 2598 rem
820 2552 902 2599 'nova
927 2541 1066 2597 vocabula
1097 2540 1128 2594 in

112 2623 234 2678 latinam
260 2621 387 2690 linguam
414 2622 605 2692 introducere,
630 2623 695 2678 aliis
723 2640 810 2679 novas
834 2621 1053 2693 significationes
1075 2621 1128 2675 tri-

112 2703 199 2757 buere
224 2704 274 2755 aut
296 2717 330 2755 ex
353 2701 487 2773 analogia
510 2719 617 2772 eorum,
641 2719 714 2771 quae
736 2703 794 2758 iam
817 2722 869 2759 usu
897 2706 977 2758 erant
1003 2705 1127 2772 recepta,

114 2782 172 2838 alia
193 2783 300 2850 fingere
323 2784 437 2836 coactus
461 2785 513 2839 est.
550 2783 605 2838 Sed
627 2782 699 2837 haec
721 2800 785 2837 cum
809 2784 845 2837 ad
868 2799 927 2837 rem
951 2781 1127 2852 propositam

112 2862 185 2917 nihil
203 2862 325 2931 faciant,
350 2860 381 2915 in
398 2861 491 2916 medio
514 2862 655 2933 relinqu03
679 2879 852 2931 quamquam
874 2879 1074 2931 nonnunquam
1096 2861 1127 2915 in

113 2942 297 2997 discernendo
317 2942 352 2996 de
370 2940 524 3011 fragmenti
547 2942 665 2997 alicuius
685 2942 794 3012 origine
816 2959 873 2996 non
890 2958 977 3011 parvo
997 2946 1058 2997 erat
1077 2943 1126 2996 ad-

112 3023 246 3079 iumento.
284 3023 325 3076 De
348 3020 516 3090 lexicologia
538 3022 670 3078 Pliniana
697 3023 750 3078 hoc
773 3024 884 3078 saeculo
908 3041 979 3076 unus
1003 3021 1126 3077 omnium

114 3103 220 3173 optime
235 3101 349 3172 scripsit
363 3103 489 3170 satisque
503 3119 636 3173 magnam
651 3103 768 3172 collegit
780 3103 929 3158 materiam
943 3101 1127 3157 Wannowski

112 3182 143 3236 in
170 3185 379 3252 programmate
398 3181 542 3237 rarissimo
569 3200 663 3252 gymn.
692 3184 767 3252 quod
795 3185 887 3238 Posen
913 3183 944 3236 in
975 3183 1044 3237 urbe
1073 3185 1124 3251 est,

114 3278 139 3315 a.
160 3266 237 3318 1847.
276 3262 342 3332 Qui,
366 3264 399 3316 ut
425 3261 510 3316 facile
538 3261 726 3334 intellegitur,
753 3264 827 3318 nihil
854 3263 933 3318 aliud
960 3262 1017 3316 nisi
1038 3261 1126 3316 libros

112 3341 147 3396 N.
166 3342 200 3397 H.
224 3341 416 3414 investigavit.
453 3342 597 3397 Habemus
623 3360 698 3398 nunc
720 3343 854 3412 reliquias
881 3341 966 3397 etiam
990 3341 1126 3395 librorum

113 3421 375 3494 grammaticorum,
405 3423 454 3477 sed
481 3421 524 3476 ita
551 3421 686 3493 traditas,
714 3428 746 3478 ut
773 3423 841 3493 quid
864 3420 962 3488 Plinii,
986 3420 1055 3489 quid
1081 3437 1125 3475 cx·

117 3503 276 3570 cerptorum
296 3501 333 3557 sit
351 3503 516 3572 plerumque
539 3520 597 3557 non
618 3502 709 3571 possit
733 3502 867 3558 discerni.
898 3501 1009 3564 Naana
1027 3503 1148 3562 auam.

953 3599 1000 3648 *ᾖ
