2460 3840
127 135 167 199 18
356 133 397 190 De
415 134 545 204 genetivo
565 133 680 203 quintae
699 135 905 192 declinationis.

125 286 226 362 inquit
249 285 365 345 Plinius
390 279 599 363 ‘declinabant
622 289 658 345 ut
681 284 711 346 0.
730 287 863 347 Ferinius
883 286 949 350 Cos.
974 293 1078 351 contre
1102 290 1137 352 0.

126 373 293 434 Gracchum
320 379 448 435 scnotnts
475 376 610 435 consulto.
653 376 750 435 senati
778 376 941 437 Sallustius
969 383 1061 439 senati
1087 382 1136 440 de-

126 470 233 524 cretnnc
259 467 306 541 Jtt,
334 466 370 523 ut
396 464 489 542 lauri,
517 451 619 524 Cicero
648 483 767 541 quoque
797 461 860 543 [de]
889 466 1074 528 divinatione
1101 470 1136 530 in

124 553 249 613 Verrem
271 555 303 613 et
324 573 379 631 pro
403 553 500 629 Oppio
524 553 554 612 ΙΙ
576 547 688 612 senatt'.

99 658 112 700 s
193 642 244 702 Oh.
271 645 332 702 139
340 644 387 719 ,4
421 637 516 702 ‘Ossu
543 641 666 718 quidam
694 645 730 702 ut
756 662 830 704 veru
861 663 941 721 genu
967 641 1136 721 putarunt'

123 732 224 810 inquit
246 731 362 790 Plinius
390 731 494 790 eodem
520 729 597 789 libro
624 730 668 789 VI
695 725 793 807 ‘posse
822 727 955 792 censeri'.
1000 754 1070 793 narn
1097 740 1138 796 ut

124 822 245 882 veribus
269 819 403 897 genibus,
428 820 543 879 ossibus
567 837 687 896 quoque
710 839 796 895 posse
819 822 1012 881 menifestum
1036 826 1089 883 est.

191 909 243 968 Oh.
269 911 341 986 126,
357 911 396 968 22
420 908 523 967 Domi
545 899 628 989 (vide
651 926 673 968 s.
698 910 837 987 genetivo
860 902 976 992 dubio).

135 1022 138 1027 ²
191 996 243 1056 Ch.
269 998 341 1074 128,
358 999 397 1056 17
422 997 586 1056 Exerciti
611 987 692 1077 (vide
715 990 849 1080 ibidem).

83 1108 110 1147 ro
190 1085 240 1146 Oh.
268 1088 340 1163 147,
358 1093 373 1145 1
389 1086 541 1165 Volgus,
559 1085 650 1144 huius
663 1085 771 1164 volgus
788 1087 884 1148 Varro
900 1088 1134 1165 antiquitatium

122 1175 292 1235 divinarum
314 1176 370 1234 XV
392 1176 491 1250 cotom
512 1193 664 1234 rnmorenc.

189 1263 240 1326 Oh.
266 1267 372 1343 147,3
397 1265 531 1342 Vulgu,
559 1256 641 1342 <eb>
668 1264 724 1323 hoc
746 1264 844 1341 vulgu
867 1264 982 1342 Oppius
1006 1265 1041 1324 de
1064 1268 1134 1327 vite.

122 1353 230 1432 Cassii,
262 1354 342 1413 idem
375 1353 410 1412 de
437 1353 502 1414 vite
528 1352 637 1430 prioris
663 1352 801 1412 Africani
828 1357 963 1428 opinante
990 1348 1133 1435 (oniaco),

121 1443 220 1503 Varro
243 1442 453 1502 hebdomadon
475 1442 567 1501 VIIII
589 1461 609 1502 o
631 1443 718 1516 culon
741 1443 986 1502 condemnaretur.

81 1551 106 1591 15
188 1532 239 1592 Oh.
266 1535 343 1609 122,
363 1534 405 1591 20
433 1531 530 1609 Algu
556 1530 686 1590 Plautus
711 1531 743 1589 in
766 1531 902 1591 Rudente
930 1537 961 1592 tn
987 1534 1032 1592 oet
1053 1535 1131 1594 endo

118 1622 162 1682 oet
174 1625 242 1695 peri
264 1623 341 1695 olen.

185 1709 236 1769 Oh.
263 1711 335 1787 140,
352 1712 389 1767 11
406 1702 526 1786 P<enu
534 1705 746 1787 Pomponius),
758 1756 763 1768 .
775 1757 781 1768 .
793 1756 798 1769 .
810 1726 825 1768 e
838 1726 920 1769 coreo
934 1714 994 1768 tone
1001 1711 1130 1783 pntcbro

112 1817 201 1872 peno.
242 1816 338 1874 penus
360 1797 443 1875 peni,
471 1797 498 1856 si
519 1797 709 1875 femininum
736 1798 856 1874 penoris
883 1800 919 1856 ut
940 1799 1071 1878 pecoris,
1099 1799 1128 1858 si

118 1881 280 1965 (generis)
302 1887 404 1946 neutri
426 1886 474 1961 sit,
497 1889 532 1945 ut
555 1885 677 1962 quidem
698 1889 818 1963 putant.

78 1995 105 2035 ao
186 1974 238 2036 Oh.
264 1977 370 2050 141,8
394 1974 489 2034 Pecu
510 1975 639 2034 Plautus
661 1975 693 2033 in
715 1975 929 2053 Bacchidibus,
946 1981 1052 2050 postor
1073 1978 1125 2036 bo-

117 2085 184 2125 non
204 2065 208 2139 l
229 2067 346 2143 dormit,
374 2082 439 2124 cum
465 2065 534 2124 baec
561 2067 628 2122 cnnt
655 2081 674 2121 o
695 2081 772 2138 pecn
798 2066 964 2132 baldontes,
991 2064 1070 2124 idem
1093 2065 1125 2123 in

118 2155 254 2215 Rudente
278 2172 336 2213 non
358 2155 437 2213 eides
459 2154 567 2226 referre
594 2169 639 2211 nce
664 2154 783 2212 nctdm
809 2157 869 2212 rete
890 2155 953 2212 sine
974 2171 1125 2226 sqnonoso

110 2245 206 2318 pecc?

183 2331 235 2392 Oh.
261 2333 333 2409 144,
353 2334 392 2390 21
424 2330 548 2408 Spiuu,
576 2329 613 2388 ab
641 2328 696 2388 hac
719 2330 808 2406 spiriu
834 2329 930 2390 Varro
958 2330 990 2388 in
1017 2331 1126 2409 Astiis,

75 2437 102 2478 es
115 2423 169 2495 fon
197 2440 230 2481 en
251 2424 339 2495 spino
362 2421 430 2480 ctbo
446 2420 624 2493 praefertur,
652 2420 726 2493 qnod
746 2422 933 2493 pnryotc'onc's
956 2437 1048 2479 conso
1069 2422 1124 2479 od-

114 2511 233 2570 }n'bctnr.
271 2509 372 2585 spino,
400 2507 436 2566 ab
466 2509 521 2566 hac
545 2508 630 2584 spino
654 2508 750 2582 Maro,
780 2509 955 2582 colnromqne
970 2511 1074 2583 pirum
1098 2513 1124 2568 et

114 2602 220 2674 spinos.

260 2794 290 2848 g.
322 2781 371 2835 De
394 2778 550 2848 genetivo
575 2777 714 2848 quintae
737 2777 979 2835 declinationis.

182 2897 233 2958 Ch.
258 2900 309 2976 55,
330 2892 403 2980 90)
423 2899 455 2958 Si
472 2898 621 2975 producta
639 2917 653 2958 e
671 2898 775 2958 littere
793 2899 916 2958 finiatur
935 2899 1122 2976 ablativuS,c'

72 3005 100 3046 eo
113 2990 236 3065 accepte
262 2988 355 3048 faciet
377 2988 564 3065 genetivum,
591 2990 627 3046 ut
654 2987 691 3046 ab
714 2988 770 3047 hac
793 2988 840 3047 die
863 2988 954 3047 huius
982 2987 1054 3064 diei,
1083 2987 1122 3046 ab

185 3180 218 3230 17
236 3175 335 3248 penu]
354 3175 431 3229 locus
442 3155 609 3244 corruptus,
634 3174 759 3230 alieilio
779 3191 793 3229 e
812 3173 945 3229 Oledonio
965 3174 1120 3244 suppletus.

111 3369 311 3422 nonnunquam
334 3353 402 3408 satis
429 3353 552 3422 firmum3
580 3351 717 3407 Plinianis
745 3369 780 3407 ea
806 3351 928 3405 inserere
956 3350 1119 3406 certissimis

111 3424 283 3492 argumentis
302 3425 394 3479 adhuc
411 3423 516 3478 nemini
535 3423 659 3495 contigit¹
676 3455 709 3465 -
724 3429 757 3478 29
777 3422 826 3478 eh.
841 3427 892 3491 55,
908 3423 936 3493 9]
957 3422 991 3476 ct.
1007 3421 1055 3477 ch.
1071 3428 1119 3490 693

112 3500 230 3564 128,12,
248 3495 332 3552 Prisc.
352 3501 413 3564 360,
438 3495 463 3548 Κ
481 3494 506 3550 V
524 3513 550 3564 p.
566 3500 626 3565 555,
646 3494 740 3560 Quint.
759 3494 772 3547 Ι
791 3499 815 3563 6,
830 3499 872 3560 20,
892 3492 963 3549 Gell.
982 3493 1017 3550 N.
1032 3494 1064 3550 A.
1080 3493 1120 3547 IX
