2460 3840
151 156 366 214 Adnotationcs.
402 155 444 211 De
462 158 554 226 genet.
575 156 645 228 sing.
664 156 695 211 in
712 158 737 214 ii
754 158 872 212 exeunte
891 158 920 212 et
938 156 1032 214 dnbio.
1070 160 1113 227 85

100 302 184 371 rum'
204 308 285 385 apud
304 307 464 385 scriptores
483 308 672 367 rarissimum
690 320 771 368 esse:
795 308 973 387 plerumque
996 311 1111 372 inveni-

98 401 232 547 {2121ng
249 399 364 475 patrae,
387 401 514 474 matres,
537 397 593 456 filii
619 397 750 456 familias
779 400 833 476 aut
860 399 975 477 patres,
998 405 1111 461 matres

187 654 236 707 De
260 650 415 721 genetivo
439 650 603 720 singulari
625 649 661 706 in
683 644 719 707 o't
741 653 889 707 exeunte
913 639 956 729 (p.
977 640 1020 729 3).

165 754 211 814 Dc
235 755 375 833 genetivo
395 754 609 815 vocabulorum
628 754 661 813 in
679 757 746 832 -a'os,
767 755 1003 815 damnabamus
1027 756 1112 816 testi-

99 844 202 903 monia
229 843 353 921 Lucilii,
379 844 539 922 Varronis,
566 843 683 922 Nigidii
709 844 824 922 Figuli,
852 844 945 903 Plinii
974 844 1110 905 Secundi.

101 931 180 1002 Quid
203 933 239 991 de
263 933 457 1007 testimoniis,
482 952 559 1010 quae
582 932 675 993 Probi
702 951 765 992 esse
794 933 949 1008 dicuntur,
977 936 1111 994 statuen-

102 1021 175 1080 dum
198 1021 238 1080 sit
262 1020 383 1081 difficile
407 1024 453 1081 est
476 1022 567 1082 dictu.
609 1022 675 1084 Hoc
698 1023 771 1082 satis
794 1021 914 1080 firmum
937 1025 1113 1100 certumque

101 1115 147 1171 est
169 1110 321 1169 Lucilium
343 1130 437 1171 unam
459 1114 471 1171 a'
494 1111 621 1171 scribere
644 1112 790 1170 voluisse:
814 1105 919 1187 ‘porro
942 1111 1007 1189 hoc,
1030 1112 1112 1172 filius

100 1199 189 1272 Luci,
216 1200 323 1260 feceris
353 1203 365 1260 c'
392 1202 504 1277 solum,
531 1203 568 1259 ut
591 1198 710 1259 Corneli
733 1199 932 1277 Cornificique
957 1194 1023 1280 (Oh.
1045 1194 1112 1281 78),

100 1288 268 1347 Varronem
291 1290 366 1350 duas
388 1292 412 1350 o·
434 1282 502 1372 (oh.
524 1280 589 1371 78),
613 1287 771 1366 Nigidium
794 1307 886 1348 unam
909 1281 1000 1368 (Gall.
1019 1289 1058 1348 N.
1075 1290 1112 1348 A.

102 1377 177 1436 XIII
195 1370 264 1460 rc);
284 1379 400 1439 Plinius
420 1379 494 1438 dicit
511 1378 660 1437 rationem
678 1395 799 1454 poscere
818 1380 847 1452 ii,
868 1378 1114 1438 consuetudinem

102 1467 223 1526 ivelle.
269 1469 432 1528 Poetarum
459 1467 557 1526 maior
582 1484 653 1542 pars
681 1467 790 1526 saec.I
815 1488 844 1544 p.
864 1464 896 1526 0.
923 1467 962 1526 ad
989 1467 1064 1527 duas
1091 1470 1115 1526 o·

102 1555 248 1616 inclinare
271 1558 385 1635 incipit.
419 1557 518 1616 Huius
537 1573 610 1615 usus
629 1555 759 1634 vestigia
776 1556 910 1634 Augusti
928 1555 1113 1633 temporibus

99 1645 246 1722 praebent
263 1649 467 1725 monumenta,
487 1663 675 1723 quamquam
691 1647 704 1704 a·
722 1647 846 1721 superat
860 1636 1031 1724 (Bllcheler,
1046 1644 1112 1705 Lat.

97 1735 180 1794 Decl.
202 1727 271 1816 72);
298 1735 450 1812 paulatim
478 1738 509 1795 et
536 1737 732 1794 monumenta
760 1736 790 1793 et
816 1737 924 1810 poetae
955 1741 986 1793 et
1014 1753 1111 1812 gram·

98 1825 280 1883 maticorum
298 1824 436 1884 doctrina
458 1823 490 1882 in
513 1843 608 1883 unum
626 1823 773 1883 convenit.
819 1822 955 1899 Apparet
978 1842 1014 1881 ex
1036 1822 1112 1883 locis

99 1910 228 1971 Oharisii
248 1915 321 1990 122,
337 1916 355 1975 6
376 1916 407 1972 et
423 1915 495 1991 141,
512 1917 529 1973 6
549 1912 684 1972 Plinium
703 1912 883 1972 sententiam
901 1911 1047 1971 Varronis
1067 1930 1111 1972 se·

99 2004 204 2062 cutum
224 2020 288 2061 esse
312 2005 343 2061 et
360 2002 437 2060 hanc
461 2001 610 2061 scribendi
628 2000 776 2061 rationem
794 2000 1059 2076 commendavisse,
1077 2004 1113 2060 ut

100 2090 137 2149 ab
166 2091 249 2149 illius
278 2093 413 2168 tempore
440 2091 473 2150 in
496 2093 592 2150 artem
617 2091 844 2169 grammaticam
867 2088 1041 2148 introducta
1064 2089 1112 2149 sit.

99 2179 266 2239 Vocativus
280 2179 312 2238 in
326 2183 350 2239 a·
363 2198 381 2239 a
394 2179 492 2240 Plinio
507 2179 685 2257 repudiatus
705 2182 758 2239 est.
790 2178 898 2238 Totam
911 2177 989 2237 hanc
1004 2178 1113 2238 doctri·

102 2288 172 2328 nam
187 2268 378 2328 coniunctam
398 2268 543 2329 habemus
562 2269 644 2347 apud
657 2267 709 2328 Oh.
723 2271 776 2344 713
792 2285 869 2344 quae
888 2266 951 2327 sive
965 2266 1114 2326 Froehdio

101 2358 229 2435 aliisque
244 2358 390 2436 concedis,
410 2359 464 2435 qni
477 2359 648 2418 Romanum
666 2359 821 2416 auctorem
839 2374 903 2415 esse
921 2357 1032 2432 putant
1051 2355 1114 2415 sive

102 2446 276 2507 Palaemoni
293 2447 427 2507 tribuere
446 2447 551 2523 mavis,
569 2450 672 2505 tamen
691 2466 727 2505 ex
745 2465 804 2505 uno
822 2444 920 2504 Plinio
938 2444 1115 2521 profluxisse

101 2537 182 2594 certo
207 2536 319 2595 certius
343 2539 396 2598 est.

268 2700 317 2754 De
341 2698 495 2768 genetivo
520 2697 683 2768 singulari
706 2698 810 2755 dubio
834 2687 878 2776 (p.
899 2685 943 2776 4).

174 2802 209 2861 In
228 2803 333 2862 multis
351 2802 515 2879 vocabulis,
539 2821 668 2879 quorum
686 2801 866 2862 nominativi
888 2801 1009 2879 similes,
1029 2820 1118 2879 gene·

104 2893 162 2954 tiri
194 2891 353 2952 dissimiles
386 2894 470 2967 sunt,
502 2891 620 2950 Plinius
653 2891 853 2950 differentiam
885 2890 1054 2969 significare
1087 2894 1118 2949 et
1196 2918 1198 2922 v

103 2981 276 3059 praecipere
299 2979 421 3040 volebat
443 2980 624 3040 testimoniis
647 2984 794 3059 veterum,
817 2983 965 3057 quantum
987 2981 1118 3056 poterat,

100 3072 257 3146 subnixus,
291 3087 323 3129 se
347 3069 490 3147 opposuit
512 3070 608 3147 igilur
636 3069 748 3130 severis
777 3068 934 3146 analogiae
961 3068 1074 3146 reguli
1098 3085 1117 3126 a

100 3158 228 3219 Caesare
252 3158 381 3218 condilis
405 3151 495 3241 (144,
515 3152 581 3238 30).
622 3158 776 3218 AudIebat
799 3158 938 3235 regulam
961 3157 997 3215 de
1020 3156 1115 3216 nomi-

99 3248 189 3307 nibus
208 3248 338 3325 propriis
356 3248 389 3307 in
408 3266 459 3327 -cs,
477 3250 514 3307 ut
532 3266 600 3325 gen.
615 3240 787 3306 ‘Herculis’
807 3249 838 3306 et
857 3240 1012 3305 ‘Achillis'
1032 3248 1117 3304 ante·

100 3338 194 3396 ferret
225 3338 315 3397 alteri
346 3337 379 3396 in
411 3340 444 3397 -l
490 3336 603 3414 Varro,
634 3336 671 3396 de
702 3337 723 3395 l.
741 3337 761 3395 l.
781 3337 811 3413 8,
831 3337 871 3394 26
902 3328 1057 3394 ‘Herculi'
1087 3336 1118 3393 et

99 3419 273 3486 ‘Herculis’
297 3429 462 3504 utrumque
486 3426 517 3484 in
540 3425 759 3485 consuetudine
783 3442 848 3484 esse
872 3423 958 3482 dicit.
986 3422 1133 3479 blesum

98 3515 221 3592 propria
240 3515 272 3574 in
292 3517 330 3576 -is
343 3516 506 3596 peregrina
520 3534 588 3596 gen.
598 3514 723 3575 babent
731 3514 772 3574 in
784 3515 860 3573 -idis
873 3530 904 3568 e.
917 3498 1160 3581 gumias&
