2460 3840
468 152 511 206 De
529 152 701 222 pronomine.
1049 152 1092 217 33

83 324 142 383 qua
166 307 236 363 ante
259 305 379 364 locutus
403 305 457 380 est,
481 306 512 363 et
536 323 603 362 eam
625 306 814 379 praesentem
838 323 898 363 non
917 322 982 364 esse
1001 304 1093 382 sigui·

82 393 182 455 ficant.
216 425 256 434 -
290 392 390 452 Minus
423 411 514 469 quam
546 391 633 451 finita
662 391 839 468 pronomina
865 393 986 470 proprie
1014 397 1094 473 sunt,

84 501 161 560 quae
194 481 508 541 commemorationem
544 480 662 540 faciunt
694 500 798 540 earum
829 499 1026 557 personarum
1058 483 1094 542 de

83 572 192 649 quibus
202 573 262 631 iam
272 570 368 631 locuti
383 587 486 629 sumus
497 561 549 651 (of.
559 569 686 646 Explan.
697 570 729 628 in
738 569 846 629 Donat.
856 569 892 628 Κ.
903 570 947 628 IV
957 567 1093 653 499sq.).

147 659 183 720 K.
197 660 240 718 IV
257 662 329 737 131,
345 661 385 717 22
406 651 511 740 (Probi
530 649 620 740 Inst.)
641 659 682 718 De
701 677 837 735 persona.
860 677 1007 735 personae
1025 680 1093 736 pro·
1121 674 1135 716 a

82 749 237 809 nominum
265 751 336 808 sunt
362 750 436 824 tres,
464 747 562 823 prima
590 767 658 826 ego,
688 747 819 807 secunda
845 751 894 826 tu,
924 749 1016 808 tertia
1034 749 1093 808 ille.

82 838 139 897 hae
166 837 260 897 finitis
287 836 514 913 pronominibus
537 836 677 896 accidunt
699 838 833 914 tantum;
861 837 946 916 item,
969 841 1005 897 ut
1027 839 1096 899 vult

83 926 200 986 Plinius
225 925 392 1003 Secundus
416 928 447 984 et
468 926 652 1001 possessivis.

150 1015 186 1074 K.
201 1014 245 1072 IV
262 1016 334 1092 137,
351 1016 390 1072 11
412 1005 518 1094 (Probi
531 1006 620 1095 Inst.)
638 1014 726 1073 Nunc
746 1014 839 1073 etiam
856 1014 912 1074 hoc
930 1033 1095 1092 monemus,

84 1104 165 1182 quod
184 1103 300 1161 Plinius
322 1102 476 1162 Secundus
499 1104 675 1178 pronomina
693 1104 862 1179 possessiva
881 1106 911 1162 et
928 1123 983 1180 per
1001 1123 1095 1182 quan·
1110 1121 1136 1161 ιο

84 1194 153 1252 dam
175 1192 339 1250 mixturam
362 1192 405 1250 sic
427 1192 550 1268 putavit
574 1210 638 1251 esse
658 1192 844 1269 declinanda,
867 1192 899 1250 id
922 1195 969 1252 est
990 1193 1096 1252 intrin-

84 1298 169 1341 secus
198 1283 229 1340 et
256 1281 449 1340 extrinsecus.
495 1281 548 1340 sed
576 1281 632 1340 hoc
662 1299 847 1356 supervacue
876 1281 992 1340 cunctis
1023 1282 1097 1341 artis

84 1369 232 1429 latoribus
246 1369 346 1429 visum
361 1372 407 1429 est
421 1370 578 1448 disputari,
594 1368 839 1447 quandoquidem
853 1369 957 1429 eadem
966 1370 1098 1429 mixtura

84 1479 145 1519 non
163 1458 274 1517 habeat
291 1459 449 1536 rationem,
469 1459 507 1517 ad
526 1477 618 1535 quam
633 1475 756 1517 causam
769 1456 908 1534 proficiat
922 1449 975 1539 (cf.
988 1458 1096 1518 Neum.

85 1570 113 1625 p.
134 1550 189 1624 353
212 1548 249 1607 K.
268 1546 296 1603 V
316 1550 389 1626 500,
410 1538 476 1629 32).
1112 1562 1139 1603 15

149 1636 185 1696 K.
201 1637 228 1693 V
242 1639 294 1715 49,
310 1639 350 1696 27
372 1629 523 1718 (Oledonii
537 1625 600 1714 ars)
621 1635 737 1695 Plinius
756 1635 948 1714 artigraphos
962 1636 1096 1696 dicentes

84 1726 311 1802 pronominibus
338 1724 432 1784 finitis
460 1725 593 1784 accidere
616 1743 759 1800 personas
786 1725 987 1802 reprehendit.
1024 1728 1097 1784 tuuc

85 1815 165 1874 enim
195 1814 270 1872 bene
303 1814 465 1892 diceretur,
499 1814 525 1872 si
557 1813 641 1872 aliud
668 1817 747 1873 esset
776 1833 940 1890 pronomen
968 1813 1097 1893 finitum,

85 1902 169 1963 aliud
187 1920 322 1978 persona.
355 1922 415 1962 non
440 1903 519 1961 enim
542 1921 603 1960 una
620 1920 668 1962 res
686 1905 788 1979 potest
806 1922 870 1963 esse
890 1922 967 1981 quae
987 1904 1097 1964 accidit

86 1996 117 2051 et
140 1992 189 2050 oui
212 1990 330 2050 accidit.
367 2009 438 2069 ergo
461 1991 569 2050 melius
593 1991 640 2050 ita
663 1991 894 2070 dicendumst,
918 1993 970 2070 ait,
994 1992 1098 2050 eadem
1112 2007 1138 2048 ao

86 2099 150 2139 esse
174 2079 261 2139 finita
283 2080 469 2158 pronomina,
494 2098 571 2157 quae
591 2084 664 2140 sunt
683 2081 775 2140 etiam
793 2099 938 2157 personae
953 2071 1005 2161 (of.
1020 2079 1057 2141 K.
1071 2080 1100 2137 V

89 2171 223 2245 201,5.

154 2160 250 2318 K.)IV
267 2279 296 2334 p.
314 2260 385 2330 133,
401 2260 418 2316 7
435 2249 541 2339 (Probi
554 2248 645 2338 Inst.)
666 2257 743 2317 Sane
761 2257 818 2317 hoc
836 2276 999 2333 monemus,
1020 2259 1101 2334 quod

87 2347 204 2407 Plinius
229 2346 384 2407 Secundus
406 2348 452 2407 bic
474 2350 547 2407 tuno
570 2347 669 2406 voluit
693 2347 753 2405 dici
774 2365 951 2424 pronomen,
980 2348 1100 2424 quando

88 2438 186 2496 solum
209 2436 360 2512 reperitur
382 2436 534 2513 declinari,
557 2438 593 2494 ut
611 2437 687 2511 puta
705 2435 754 2494 hic
772 2434 862 2494 huius
882 2439 912 2494 et
935 2439 1036 2495 cetera
1054 2454 1098 2496 se·
1113 2450 1140 2492 as

87 2525 223 2602 quentia;
253 2528 286 2584 at
313 2544 384 2586 vero
413 2525 439 2584 si
468 2544 536 2584 eum
559 2525 620 2583 alia
646 2526 733 2600 parte
757 2524 901 2584 orationis
923 2525 1100 2585 inveniatur

88 2613 241 2690 declinari,
264 2614 427 2672 articulum
446 2613 604 2691 appellari,
625 2616 755 2689 utputa
773 2614 821 2673 hio
840 2611 915 2674 Cato
934 2614 1025 2674 huius
1045 2612 1100 2673 Oa·

88 2702 168 2761 tonis
192 2705 223 2760 et
246 2704 346 2760 cetera
368 2704 533 2778 sequentia.
567 2703 620 2762 sed
643 2702 716 2761 haec
735 2702 874 2762 discretio
894 2722 912 2762 a
930 2703 1029 2763 Plinio
1049 2703 1100 2764 Se-

88 2790 186 2850 cundo
202 2791 317 2849 cunctis
337 2791 410 2849 artis
429 2791 577 2850 latoribus
596 2810 781 2867 supervacue
796 2793 862 2853 visa
881 2795 927 2852 est
946 2793 1100 2870 constitui,

89 2880 238 2957 siquidem
261 2879 357 2938 omnis
381 2880 477 2939 oratio
502 2883 569 2939 octo
592 2880 731 2956 partibus
754 2883 875 2940 tantum
897 2882 1040 2942 instituta
1060 2883 1100 2941 sit
1114 2898 1141 2938 ao

89 2968 288 3045 pronuntiari.

155 3058 206 3117 Oh.
228 3060 305 3134 110,
325 3059 365 3116 23
396 3051 453 3133 <de
476 3052 675 3137 pronomine>
707 3058 737 3117 Is
766 3059 853 3118 horno
877 3059 959 3118 idem
982 3077 1099 3134 compo-

89 3147 183 3206 situm
205 3146 304 3205 facit*
332 3145 390 3204 nisi
414 3145 485 3222 quia
508 3143 618 3205 Caesar
640 3146 717 3206 libro
740 3147 772 3206 ΙΙ
795 3148 990 3226 singulariter
1011 3146 1100 3224 idem,

90 3236 250 3312 pluraliter
268 3234 363 3295 isdem
386 3235 543 3293 dicendum
567 3234 729 3295 confirmat.
767 3237 819 3296 sed
841 3237 1025 3296 consuetudo
1046 3236 1102 3294 hoo

92 3344 150 3383 non
175 3328 282 3383 servat.
1116 3339 1144 3382 as

156 3411 247 3472 Prisc.
268 3413 298 3471 II
317 3416 390 3484 594,
412 3412 516 3473 19Η..
534 3457 561 3472 ..
586 3407 667 3472 ‘cum
690 3406 811 3491 quibus’
835 3418 866 3473 et
889 3405 1104 3492 ‘quibuscum’,

92 3501 135 3560 sic
164 3495 244 3559 ‘cum
267 3495 328 3561 me'
356 3506 387 3561 et
414 3496 563 3562 ‘mecum’.
611 3521 681 3561 nam
709 3503 912 3581 antiquissimi
939 3506 1103 3582 utrumque

143 3610 210 3650 Patr.
225 3611 276 3651 dub.
294 3621 360 3651 serm.
929 3608 952 3654 3⁴
