2460 3840
149 142 192 206 34
573 142 616 196 De
634 142 727 196 verbo.

149 293 301 369 dicebant,
341 291 393 352 sed
429 293 460 351 in
497 292 608 368 plurali
644 291 757 368 primae
790 310 935 367 personae
972 293 1164 368 cacemphati

149 400 241 442 causa
260 382 397 442 solebant
414 400 469 457 per
487 380 689 458 anastrophen
703 380 800 440 dicere
815 374 993 439 ‘nobiscum'
1007 400 1061 457 pro
1077 375 1162 440 ‘curn

148 464 254 530 nobis’.
283 471 388 548 itaque
406 473 530 546 propter
547 469 604 530 hoc
622 470 808 547 reliquarum
827 488 946 546 quoque
961 488 1162 544 personarum

151 560 300 621 ablativos
329 559 467 620 similiter
492 562 685 636 praepostere
717 559 851 634 proferre
884 562 1047 634 coeperunt
1077 561 1160 620 teste

121 649 254 725 5Plinio,
278 649 331 726 qui
349 649 405 707 hoc
423 648 455 706 in
472 647 504 707 H
522 648 667 707 sermonis
686 647 769 706 dubii
789 646 927 724 ostendit,
951 650 983 706 et
1002 646 1160 725 Cicerone,

148 738 200 814 qui
224 733 271 796 ‘de
296 729 419 797 oratore'
451 737 499 796 his
521 737 621 796 utitur
642 736 754 798 verbis:
781 738 927 796 noluimus
954 729 1030 795 ‘cam
1052 730 1108 796 rne'
1133 743 1162 796 et

148 820 224 886 ‘cura
247 820 283 885 te'
312 827 417 894 dicere,
444 844 481 885 ece
504 828 602 885 eadem
629 828 827 899 conputatione
850 827 1064 899 adiuerpercdum
1087 832 1162 885 esset

147 908 224 975 ‘mre
249 908 352 983 eobis’,
380 917 430 974 sed
451 917 551 989 potius
579 908 710 974 ‘mecam'
738 919 764 973 et
790 907 903 973 ‘iecora'
933 919 959 973 et
986 908 1159 975 ‘nobiscum’

147 1006 285 1072 dirimas,
310 998 397 1063 ‘cum'
415 1006 643 1082 praepositione,
666 1021 740 1078 qaue
761 1005 834 1077 facit
855 1005 1017 1079 obsecrem,
1041 1005 1161 1064 assiriae

107 1109 133 1149 ro
141 1095 309 1167 postposita.

212 1181 256 1241 Of.
281 1180 332 1241 Oh.
353 1184 403 1260 90,
424 1182 563 1260 30-91,
580 1183 620 1240 22
645 1179 725 1250 Quia.

502 1377 553 1447 VI.
590 1377 636 1447 lle
664 1372 800 1448 verbo*

367 1502 427 1589 (of.
450 1509 585 1571 namen.
606 1511 679 1586 ecs,
701 1511 871 1587 10—3ee,
892 1500 936 1590 e.)

211 1626 309 1685 Diem.
329 1627 402 1701 368,
423 1627 441 1684 3
540 1643 639 1701 parco,
662 1625 795 1702 peperci3
823 1625 875 1684 sed
899 1628 929 1684 et
953 1618 1057 1701 ‘parsi'
1080 1626 1157 1704 legi-

105 1729 130 1769 11
145 1732 221 1791 mus,
240 1718 276 1773 ut
296 1713 454 1773 Terentius
473 1731 557 1788 eporre
575 1717 665 1773 odoro
677 1717 765 1788 parsi
777 1715 919 1788 perdere?
937 1714 1011 1773 item
1025 1714 1157 1775 Plautus

146 1805 241 1862 latori
263 1821 311 1877 epo
334 1804 482 1861 homiaem
498 1805 661 1875 parsissera
684 1805 780 1862 liberes.
814 1803 856 1862 sic
880 1804 958 1862 enim
976 1803 1085 1862 melius
1104 1825 1154 1864 ve·
1202 1811 1203 1814 ’

145 1895 232 1970 teres,
250 1891 340 1968 parsi,
355 1891 514 1951 declinant.
541 1909 611 1949 nam
624 1892 846 1969 parsimoniam,
864 1911 924 1951 non
937 1892 1156 1968 parcimoniam

145 1980 280 2039 dicimus.
321 1981 429 2040 volunt
459 1983 560 2038 autem
587 1980 711 2056 quidam
737 1981 927 2059 grammatici
955 1981 1087 2058 differre,
1118 1986 1157 2042 ut

143 2070 226 2145 parsi
244 2070 336 2129 semel
354 2068 427 2146 quid
445 2069 560 2127 factum
576 2069 733 2147 significet,
752 2070 873 2146 peperci
892 2072 994 2129 autem
1013 2072 1044 2128 et
1062 2072 1155 2130 semel

104 2174 130 2215 so
145 2162 175 2218 et
198 2159 326 2234 saepius.
363 2158 437 2216 facit
456 2159 558 2216 autern
575 2159 771 2234 participium
789 2159 928 2218 futurum
946 2178 1099 2235 parsurus,
1119 2164 1157 2220 ut

144 2248 188 2307 ait
211 2248 307 2306 Varro
330 2247 362 2305 in
384 2247 549 2305 Laterensi.
587 2247 638 2306 sed
660 2247 758 2305 Plinio
783 2246 929 2324 displicet.

209 2336 307 2397 Diom.
328 2338 405 2415 368,
425 2337 467 2394 24
496 2328 622 2417 (vendo)
649 2336 804 2412 passivum
832 2338 934 2395 autem
967 2336 1031 2395 eius
1059 2356 1154 2398 veneo

143 2425 233 2486 venii.
271 2427 316 2484 est
343 2427 445 2483 tamen
473 2425 554 2502 apud
581 2428 698 2486 veteres
726 2443 837 2484 veneor
860 2427 890 2484 et
913 2425 1053 2487 venditus
1077 2445 1154 2505 sum,

144 2517 174 2573 et
193 2514 273 2591 apud
286 2514 431 2572 Plautum
451 2531 499 2588 epo
517 2515 562 2573 ilii
579 2532 697 2589 aeneam
716 2514 882 2573 Turranius
901 2515 937 2574 de
952 2515 1018 2592 agri
1032 2516 1154 2575 cultura

102 2603 238 2678 reprimo
262 2608 379 2677 petrem
405 2604 539 2676 factitios
560 2604 713 2662 vendacem
735 2606 829 2677 inopie
851 2622 938 2676 quam
961 2622 1083 2664 emacem
1107 2623 1153 2666 ee-

136 2693 218 2764 pedit
241 2709 308 2751 esse.
343 2709 414 2751 cora
436 2693 468 2750 id
488 2693 590 2751 meiius
613 2694 717 2750 emitur
738 2710 826 2765 paam
848 2695 968 2751 uertitur.

209 2779 305 2838 Diom.
317 2782 388 2857 369,
402 2781 440 2840 15
451 2778 600 2840 Aemilius
609 2780 710 2839 Macer
719 2783 847 2839 orariam
857 2785 987 2840 recolerem
999 2784 1153 2857 aepieperit

214 2928 350 2988 14‚Diom.
361 2935 421 3000 368,
433 2931 478 3002 10]
494 2931 527 2986 cf.
538 2929 623 2985 Prisc.
634 2935 693 2997 511,
704 2935 746 2999 26,
762 2930 860 2986 Neum.
871 2949 897 3000 p.
910 2936 952 2986 54.
968 2963 1000 2972 —
1017 2939 1050 2987 22
1059 2933 1151 2988 Diem.

142 3005 202 3070 368,
215 3000 260 3071 26]
275 3000 427 3055 Turranius
438 3001 556 3056 Gracilis
571 3018 632 3056 esse
646 3001 765 3071 videtur,
780 3002 829 3070 qui
843 3002 873 3055 in
887 3002 972 3056 Plinii
983 3003 1017 3060 N.
1028 3004 1062 3060 H.
1078 3021 1151 3059 com·

141 3071 268 3142 pluribus
287 3070 356 3126 locis
375 3073 507 3126 laudatur
525 3072 571 3143 (of.
590 3072 676 3128 Teuff.
696 3073 727 3128 R.
742 3073 833 3129 L.-e.⁶
847 3079 906 3143 132,
922 3080 955 3141 6).
988 3076 1068 3130 Alter
1083 3076 1152 3130 Tur-

141 3142 237 3197 ranius
257 3142 364 3213 (Niger)
384 3144 459 3213 apud
478 3144 629 3197 Varronem
649 3144 684 3198 de
702 3163 723 3200 r.
738 3163 758 3200 r.
779 3144 876 3215 (Teuff.
898 3150 999 3215 168,1)
1018 3147 1048 3199 in
1066 3146 1152 3200 Plinii

141 3214 174 3268 N.
190 3214 224 3269 H.
242 3232 299 3268 non
318 3217 369 3270 est.
391 3246 427 3255 —
450 3220 483 3268 27
502 3214 592 3270 Diem.
612 3221 672 3283 369,
688 3218 732 3285 16]
756 3215 893 3271 Aemilius
911 3216 1006 3270 Macer
1023 3234 1080 3271 non
1099 3221 1151 3289 est,

142 3285 191 3339 sed
214 3284 337 3340 Licinius
361 3287 454 3340 Macer
479 3288 552 3341 teste
573 3286 717 3342 Prisciano
741 3291 805 3357 626,
820 3293 849 3356 4,
879 3286 928 3355 qui
951 3289 1066 3343 annales
1091 3289 1151 3343 eius

140 3354 252 3427 laudat,
280 3372 382 3412 nornen
404 3357 537 3412 vitiosum
560 3358 670 3428 etipse
693 3357 853 3428 perhibens.
894 3358 1024 3414 Fortasse
1051 3359 1110 3413 iarn
1133 3378 1151 3414 a

140 3425 232 3482 Plinio
251 3432 399 3497 peccatum
413 3431 482 3497 erat,
501 3428 605 3499 quippe
619 3429 668 3498 qui
682 3429 712 3482 in
725 3429 760 3484 N.
774 3428 808 3485 Η.
824 3430 973 3497 utrumque
987 3430 1079 3485 virum
1093 3448 1151 3485 non

141 3496 306 3554 discreverit
324 3499 421 3570 (Teuff.
440 3500 472 3555 a.
487 3499 578 3556 L.·G.⁶
597 3506 657 3570 223,
672 3503 706 3570 o).
739 3500 822 3554 Falso
842 3499 999 3555 Maecenati
1018 3501 1152 3558 attribuit
