2460 3826
393 157 641 214 Commentarioius
660 159 828 232 isagogicas.
1047 165 1113 220 XIlI

173 299 416 369 Comparationem
443 303 542 371 (genus
569 302 702 372 augendi)
734 303 791 358 sive
824 305 1032 360 contentionem
1063 308 1111 362 vel

101 379 289 434 conlationem
326 381 465 450 appellat3
503 380 687 450 comparativi
722 387 752 436 et
795 385 961 452 superlativi
996 387 1111 442 numina

100 460 213 528 ignorat
230 462 276 530 (cf.
296 460 420 531 ὀνόματα
439 461 602 530 συγκριτικά
621 465 650 516 et
667 463 859 533 inaudesceret).
896 465 993 520 Nihilo
1016 467 1109 522 minus

101 540 233 595 adhibuit
256 558 338 595 voces
364 539 515 609 ‘primum’
542 541 659 612 (posit),
681 542 835 597 ‘medium'
862 547 1019 616 (compar),
1039 548 1110 601 ‘ter-

100 620 187 674 tium'
209 621 333 692 (superi.)
351 621 426 691 (VIII
446 624 498 688 76).

170 703 314 757 Hactenus
342 702 377 754 de
403 699 571 756 nominibus.
608 701 741 770 Sequitur
768 707 800 758 ut
827 703 862 757 de
893 704 978 758 verbo
1007 704 1109 774 dicam,

101 782 156 836 etsi
174 783 210 836 de
227 783 281 837 hac
300 784 381 851 parte
400 780 535 835 orationis
554 781 730 836 Varroniana
753 786 783 836 et
805 783 841 836 de
864 782 980 851 reliquis
1004 799 1110 853 magna

100 865 181 932 parte
195 862 330 916 librorum
340 861 391 914 VII
401 863 430 915 et
438 861 477 914 IX
492 861 639 931 deperdita
656 879 712 916 non
721 862 811 917 multa
821 862 944 933 proferre
954 881 1108 933 possumus.

169 943 262 998 Primo
283 941 459 997 ‘declinatio’
479 942 525 997 vel
549 941 760 1013 ‘inclinatio'(?)
779 942 858 996 verbi
874 943 1044 998 mutationes
1059 961 1108 1013 ap-

100 1023 293 1092 pellabantur3
309 1022 548 1093 ‘coniugationis'
564 1022 732 1077 vocabulum
751 1025 887 1093 (συζυγία)
906 1024 1108 1093 posterioribus

98 1103 272 1172 temporibus
292 1104 427 1157 servatur.
465 1102 546 1168 Quod
569 1103 606 1156 ad
629 1103 777 1156 verborum
799 1104 998 1173 temporalium
1023 1104 1109 1160 ratio-

97 1199 162 1237 nem
190 1183 306 1252 attinet,
334 1185 430 1252 partes
458 1185 545 1252 (sunt)
568 1185 715 1251 quattuor,
740 1183 910 1252 ‘tempora’,
931 1185 1108 1256 ‘personae',

102 1266 247 1334 ‘genera',
276 1263 459 1318 ‘divisiones’
480 1263 528 1330 (IX
547 1265 600 1333 95).
637 1262 791 1316 Numerum
819 1262 935 1331 agnovit
963 1263 1019 1318 alio
1046 1266 1108 1319 loco

99 1345 135 1414 (X
154 1347 212 1414 33),
238 1361 326 1413 genus
351 1343 504 1398 ‘faciendi’
530 1347 559 1398 et
583 1341 741 1412 ‘patiendi’
767 1341 918 1413 distinguit
944 1344 1022 1398 velut
1049 1362 1107 1415 uro,

97 1442 184 1495 ungo,
208 1441 285 1494 uror,
308 1441 398 1493 ungor
420 1424 519 1495 (ibid).
555 1422 651 1477 Verba
679 1438 751 1490 qnae
780 1422 949 1492 deponentia
977 1424 1109 1479 dicuntur

97 1504 197 1559 leviter
233 1505 327 1574 tangit
363 1504 416 1573 (lX
448 1506 527 1573 107),
563 1502 633 1557 item
668 1501 877 1569 frequentativa
910 1503 988 1572 „‘ab
1021 1505 1107 1559 semel

44 1635 45 1638 ,
98 1587 126 1639 et
158 1585 286 1654 saepius'
320 1587 353 1638 ut
385 1583 475 1638 scribo
506 1582 584 1651 lego,
617 1580 775 1651 scriptitavi
810 1582 959 1637 lectitavi“
992 1584 1028 1654 (X
1053 1587 1106 1654 33).

96 1665 128 1718 Iu
178 1664 315 1720 divisione
364 1668 522 1734 temporum
573 1661 728 1716 Stoicorum
778 1662 916 1717 rationem
968 1664 1106 1733 sequitur,

202 1747 314 1814 tempus
332 1744 482 1798 infectum:
501 1740 652 1812 discebam,
672 1741 758 1809 disco,
778 1741 885 1796 discam

202 1828 313 1894 tempus
332 1823 501 1893 perfectum:
520 1822 682 1890 didiceram,
701 1821 796 1888 didici,
817 1821 940 1876 didicero

97 1903 240 1958 discebam
255 1909 284 1958 et
297 1902 451 1958 didiceram
461 1903 688 1971 :praeteritum
698 1903 746 1972 (lX
757 1905 828 1972 104),
843 1902 920 1958 disco
935 1905 964 1957 et
975 1903 1062 1957 didici
1072 1932 1106 1951 =

95 2000 228 2052 praesens
246 1985 294 2055 (IX
309 1987 379 2053 104),
399 1983 506 2037 discam
526 1986 554 2037 et
573 1983 696 2037 didicero
711 2009 745 2029 =
759 1982 884 2036 futurum
904 1983 980 2053 (VIII
993 1988 1047 2051 58).

170 2064 324 2119 Varronem
337 2081 393 2117 non
408 2063 570 2118 distinxisse
583 2064 657 2118 inter
670 2066 726 2116 tres
742 2062 865 2117 actiones
880 2065 910 2117 et
923 2067 1050 2133 tempora
1060 2081 1106 2119 ne-

96 2159 150 2212 que
169 2144 274 2198 vidisse
294 2143 452 2204 actionibus
471 2143 590 2214 singulis
610 2160 661 2197 sua
679 2142 780 2210 cuique
798 2147 925 2212 tempora
941 2143 1028 2197 tribui
1042 2161 1105 2199 con-

97 2228 262 2279 sentaneum
291 2228 341 2278 est.
380 2223 465 2293 Quid,
498 2225 573 2292 quod
596 2223 709 2278 Graecis
736 2238 793 2277 non
825 2221 945 2292 contigit
971 2223 1105 2280 Romanis

96 2305 279 2374 contigisset?
314 2304 414 2373 Neque
436 2304 544 2358 ‘modi'
566 2321 635 2372 quos
659 2320 710 2356 nos
732 2302 850 2358 dicimus
868 2303 913 2356 his
931 2304 1105 2374 temporibus
1204 2347 1209 2352 .

95 2384 202 2453 cogniti
220 2388 312 2453 erant3
334 2384 368 2440 cf.
387 2385 414 2439 X
432 2390 480 2440 31:
506 2383 555 2454 „Si
572 2384 680 2438 habent
697 2399 844 2452 personas,
867 2400 963 2437 eorum
982 2385 1104 2439 declina-

95 2468 175 2517 tuum
199 2465 305 2535 species
325 2467 390 2519 sunt
409 2481 470 2534 sex,
490 2480 548 2518 una
565 2479 639 2532 quae
658 2462 761 2517 dicitur
778 2463 955 2534 temporalis,
979 2468 1012 2519 ut
1028 2465 1104 2534 lege-

96 2544 162 2596 bam
180 2545 340 2615 gemebam,
359 2545 423 2614 lego
442 2561 537 2614 gemo,
556 2544 647 2599 altera
668 2559 864 2612 personarum,
888 2546 920 2598 ut
939 2560 999 2598 sero
1018 2547 1103 2616 meto,

96 2623 165 2677 seris
183 2623 275 2694 motis,
294 2624 379 2678 tertia
397 2625 525 2695 rogandi,
544 2628 576 2679 ut
595 2623 740 2677 scribone?
758 2623 875 2693 legone?
891 2666 986 2680 .....
1002 2628 1105 2693 quarta

95 2703 296 2774 respondendi,
319 2707 351 2759 ut
372 2705 446 2775 fingo
465 2705 551 2775 pingo
572 2744 737 2760 .......
757 2704 858 2771 quinta
876 2704 994 2773 optandi
1012 2708 1045 2760 ut
1063 2705 1104 2759 di·

94 2800 186 2838 cerem
222 2784 356 2856 facerem,
390 2785 482 2840 dicam
517 2784 636 2854 faciam,
671 2785 750 2837 sexta
781 2783 939 2853 imperandi
970 2788 1002 2840 ut
1034 2802 1103 2857 cape

93 2867 188 2933 rape,“
209 2905 215 2918 .
236 2907 242 2918 .
262 2906 269 2918 .
289 2907 295 2918 .
316 2865 357 2919 En
379 2865 458 2919 vides
481 2868 513 2919 ut
536 2881 621 2934 supra
643 2866 770 2933 tempora
793 2869 823 2918 et
845 2864 969 2919 actiones
994 2869 1104 2921 contur-

92 2942 162 2997 bata
189 2959 264 3013 esse,
292 2943 335 2998 ita
360 2945 408 2999 hic
430 2948 573 3015 tempora,
599 2943 697 2998 modos
721 2946 750 2998 et
773 2943 911 2999 rationem
933 2947 1103 3001 rhetoricam

94 3038 155 3078 esse
172 3023 272 3081 mixta.
300 3025 400 3093 Itaque
419 3041 436 3077 a
453 3024 608 3093 Protagora
626 3026 656 3078 et
675 3023 776 3078 Stoicis
795 3028 824 3079 et
841 3023 1037 3093 Peripateticis
1056 3026 1103 3078 vix

93 3101 196 3157 differt.
232 3103 270 3157 Ut
298 3103 410 3158 ordines
439 3103 659 3158 declinationum
688 3103 892 3174 desideramus,
924 3103 966 3158 ita
997 3106 1103 3159 frustra

94 3181 323 3252 coniugationum
351 3182 462 3237 ordines
490 3199 617 3250 quaeras.
656 3182 832 3252 Quamquam
855 3183 956 3252 quiin
979 3183 1102 3238 declina-

92 3261 181 3330 tione,
211 3265 243 3318 ut
275 3280 360 3334 supra
392 3263 657 3332 demonstravimus,
687 3279 704 3316 a
731 3263 869 3318 divisione
897 3264 1019 3331 quadam
1046 3281 1103 3318 non

93 3358 195 3410 magno
214 3343 307 3413 spatio
327 3344 433 3413 aberat,
448 3342 473 3396 is
490 3343 521 3397 in
535 3343 732 3413 coniugatione
752 3359 840 3413 paene
855 3358 914 3396 rem
933 3359 986 3397 acu
1004 3344 1102 3415 tetigit

92 3420 226 3493 (lX109):
240 3426 358 3494 „Utrum
367 3423 397 3479 in
407 3423 698 3497 secunda<persona>
706 3422 796 3478 forma
805 3423 952 3477 verborum
962 3426 1101 3494 tempora·

91 3501 160 3556 lium
179 3502 284 3558 habeat
302 3504 332 3558 in
350 3507 474 3559 extrema
489 3503 600 3573 syllaba
613 3521 645 3558 us
659 3520 696 3557 an
709 3520 735 3559 es
750 3519 788 3557 an
799 3505 837 3572 ts,
852 3501 893 3555 ad
904 3502 1113 3556 maceramus
