2460 3840
380 192 631 249 Commentariolus
648 191 818 263 isagogicas.
1029 193 1106 250 XXV

89 355 160 408 opus
179 354 213 392 ex
231 352 337 406 magna
354 338 435 406 parte
453 335 508 390 niti
525 335 555 388 in
573 334 722 404 Varronis,
742 333 879 404 Caesaris,
899 335 992 390 Verrii
1011 335 1107 393 Flacci

88 417 178 473 libris.
204 417 378 473 Divisionem
397 433 482 484 quam
500 413 626 469 instituit
643 414 678 469 N.
698 433 725 484 p.
740 419 801 484 205,
819 432 876 470 non
895 418 1008 470 secutus
1028 434 1105 472 sumt

88 496 228 552 Plurimos
246 497 324 551 locos
343 512 358 549 e
376 495 449 549 libro
463 494 502 549 Vl
517 496 643 563 sumptos
658 510 719 549 esse
734 493 845 563 scimus,
859 513 947 549 unum
962 512 977 550 e
991 496 1064 551 libro
1080 497 1106 552 V

91 579 150 650 (Oh.
167 583 209 647 79,
225 579 252 648 2)
271 577 306 630 de
329 577 342 630 c'
363 574 507 644 geminato
530 573 561 627 in
583 573 736 645 genetiuis,
759 573 808 642 qui
830 574 887 629 -ius
909 575 1105 646 terminantur,

90 677 178 713 unum
205 675 220 713 e
247 657 320 711 libro
344 656 371 709 ΙΙ
397 654 457 726 (Ch.
477 660 524 724 77,
545 657 598 724 20),
636 655 736 722 Itaque
762 653 793 708 in
816 653 1017 710 distribuendis
1036 656 1107 712 locis

89 738 209 810 singulis
235 736 317 791 libris
350 751 401 788 sua
433 751 562 803 quaeque
594 734 743 805 designare
776 750 886 805 posses,
915 734 939 788 si
967 734 1104 790 librorum

92 818 202 873 numeri
221 817 351 872 omnibus
371 813 420 883 qui
432 812 518 868 Plinii
533 816 599 868 sunt
611 813 681 869 locis
696 819 790 870 essent
802 814 941 884 insigniti.
968 814 1107 880 Quoniam

91 899 175 969 longe
193 897 318 952 maxima
336 913 402 965 pars
420 911 536 949 numero
562 896 652 963 caret,
676 897 763 962 atque
780 911 837 948 non
859 894 943 964 pauci
966 895 1022 951 loci
1044 895 1107 965 ipso

92 979 206 1034 nomine
234 975 371 1047 auctoris,
400 975 450 1030 alii
480 992 538 1030 non
570 974 630 1029 sine
657 975 781 1042 quadam
809 974 987 1031 dubitatione
1014 975 1107 1031 Plinio

92 1059 297 1126 attribuuntur,
322 1071 418 1110 omnes
446 1054 581 1123 reliquias
610 1057 686 1108 certo
715 1053 812 1109 ordine
841 1057 870 1109 et
895 1055 1012 1110 consilio
1039 1071 1107 1110 suae

91 1136 177 1193 classi
194 1135 308 1206 insumi,
327 1137 360 1189 ut
378 1134 446 1203 quid
459 1134 568 1188 Plinius
583 1134 618 1188 de
632 1133 751 1189 diversis
765 1134 894 1204 partibus
908 1135 1053 1205 orationis,
1072 1137 1107 1191 de

91 1215 234 1272 nonnullis
253 1213 466 1284 quaestionibus
486 1214 524 1268 ed
541 1213 669 1285 linguam
686 1213 808 1268 latinam
832 1214 1052 1286 pertinentibus,
1072 1217 1107 1271 de

93 1294 331 1352 declinationibus
350 1297 379 1349 et
397 1293 659 1364 coniugationibus,
679 1294 714 1348 de
732 1310 834 1363 genere
848 1297 878 1349 et
895 1311 1010 1350 numero
1029 1297 1107 1351 etde

92 1375 298 1446 significatione
328 1375 477 1431 verborum
507 1373 627 1443 aliisque
654 1373 752 1427 multis
780 1374 863 1428 rebus
891 1375 996 1429 sentiat
1022 1375 1107 1430 facile

91 1456 287 1527 perspiciatur.
319 1455 399 1521 Quod
418 1455 455 1507 ad
469 1453 698 1509 dissertationem
711 1454 876 1509 Marschalli
890 1456 925 1510 de
940 1455 971 1520 Q.
986 1455 1108 1510 Remmii

92 1536 271 1591 Palaemonis
289 1535 371 1589 libris
389 1532 583 1604 grammaticis
602 1533 726 1604 (Lipsiae
741 1537 828 1604 1887),
847 1551 1019 1603 quamquam
1033 1534 1107 1590 hunc

94 1616 312 1687 grammaticum
330 1615 417 1669 nimio
441 1616 546 1670 honore
565 1614 668 1685 affecit,
687 1614 789 1684 dignus
808 1617 852 1668 est
869 1613 991 1684 libellus,
1011 1614 1108 1683 quiin

91 1696 136 1751 his
160 1695 261 1750 studiis
283 1695 427 1749 interdum
455 1695 609 1750 evolvatur.
646 1695 744 1748 Artem
765 1693 1015 1748 Palaemonianam
1033 1694 1107 1750 velle

93 1777 241 1831 restituere
252 1777 318 1829 aute
329 1791 414 1843 quam
424 1775 459 1827 de
468 1773 606 1828 Plinianis
616 1773 744 1843 reliquiis
755 1773 849 1830 omnia
859 1776 925 1828 sunt
933 1774 1020 1846 dicta,
1034 1775 1107 1845 peri-

93 1856 206 1911 culosae
220 1855 336 1925 plenum
346 1871 416 1923 opus
427 1853 506 1908 aleae
517 1856 568 1908 est.
596 1855 697 1922 Itaque
711 1854 802 1908 multa
815 1853 898 1910 video
909 1855 1106 1911 aMarschallo

92 1934 259 1990 Palaemoni
278 1950 340 1988 esse
358 1932 505 2003 imposita,
525 1950 597 2001 quae
621 1933 705 1989 certis
727 1934 900 2004 argumentis
918 1935 1040 1990 Varroni
1061 1937 1107 1993 vel

91 2016 182 2070 Plinio
210 2014 257 2069 vel
286 2012 350 2067 aliis
378 2030 429 2068 nos
458 2014 561 2068 debere
583 2014 675 2084 possis
699 2014 847 2070 affirmare.
889 2016 949 2069 Iam
976 2032 1041 2070 vcro
1070 2018 1108 2071 ad

94 2094 199 2151 Boeltii
218 2093 445 2148 dissertationem
465 2093 646 2165 aggredimur
664 2093 705 2164 (in
722 2094 857 2150 Fleckeis.
876 2095 948 2149 dnn.
968 2099 984 2148 5
1003 2113 1030 2164 p.
1046 2101 1106 2167 401,

93 2178 227 2246 a.1888):
255 2175 301 2229 die
329 2174 447 2240 Quellen
474 2192 530 2229 von
553 2172 696 2229 Charisius
720 2174 785 2227 115
804 2174 862 2227 und
882 2180 923 2229 17.
959 2176 987 2229 Is
1010 2178 1107 2244 partes

91 2257 193 2311 horum
216 2255 354 2326 capitum,
378 2258 411 2310 ut
438 2254 615 2310 anatomicus
638 2252 819 2308 tenuissimas
842 2254 973 2325 venulas,
998 2273 1107 2310 summa

93 2353 157 2391 cum
177 2336 335 2407 sagacitate
354 2338 383 2390 et
401 2335 552 2405 diligentia
570 2333 679 2404 detegit
698 2337 727 2388 et
744 2332 920 2402 perquisivit.

163 2415 237 2469 Tota
259 2417 356 2470 tamen
378 2413 507 2483 quaestio
531 2413 636 2468 idcirco
659 2412 832 2484 implicatior
857 2416 886 2469 et
904 2414 1048 2469 obscurior
1066 2415 1107 2486 fit,

93 2493 170 2562 quod
188 2496 300 2561 praeter
317 2494 383 2549 illos
402 2496 544 2562 auctores,
564 2492 666 2562 quibus
690 2494 783 2549 adhuc
806 2495 932 2550 contenti
955 2497 1036 2550 erant
1053 2495 1108 2550 viri

93 2572 179 2641 docti,
199 2573 254 2626 duo
274 2573 324 2628 alii
342 2574 373 2628 in
391 2591 504 2630 scenam
521 2575 662 2645 prodeunt
675 2574 838 2645 Anonymus
853 2576 888 2630 de
903 2574 1059 2631 Latinitate
1078 2579 1107 2631 et

91 2653 255 2720 Anonymus
284 2654 318 2708 de
345 2655 498 2727 Analogia,
528 2671 611 2723 quem
643 2671 677 2709 ex
703 2653 796 2712 Plinio
823 2654 952 2710 hausisse
979 2655 1106 2711 Boeltius

93 2731 246 2788 existimat.
282 2732 468 2791 Laudandum
496 2752 563 2791 sane
591 2736 635 2789 est
661 2736 773 2789 tantum
802 2735 926 2790 studium
952 2737 1107 2806 tantusque

93 2830 190 2867 verum
208 2811 370 2868 inveniendi
389 2832 474 2871 amor.
502 2816 606 2870 Verum
624 2817 797 2870 tamencum
812 2816 849 2870 ad
864 2815 933 2870 duos
952 2833 1105 2886 anonymos

95 2893 245 2964 confugere
269 2909 339 2962 opus
363 2896 419 2964 est,
442 2895 500 2950 iam
522 2895 597 2950 ultro
620 2896 784 2950 confitemur
808 2912 865 2951 non
891 2895 938 2951 via
958 2896 1029 2952 trita
1056 2897 1106 2951 sed

94 2972 262 3042 ambagibus
282 2974 311 3027 et
328 2990 379 3042 per
397 2975 487 3029 ardua
503 2973 652 3030 veritatem
670 2975 700 3030 vi
718 2976 842 3044 quadam
858 2976 993 3045 protrahi.
1025 2977 1058 3030 In
1072 2992 1105 3030 eo

92 3071 185 3110 rerum
211 3056 288 3108 statu
312 3053 361 3122 qui
383 3053 479 3109 estin
500 3055 545 3109 his
568 3054 709 3125 capitibus
733 3053 906 3110 Charisianis
928 3057 1026 3109 nostra
1049 3071 1105 3108 non

92 3133 220 3203 interest,
239 3151 302 3187 cum
320 3134 413 3189 locum
427 3133 587 3188 Plinianum
601 3137 677 3190 oerto
692 3135 809 3204 auctori,
829 3134 887 3189 sive
901 3135 1043 3188 Romanus
1063 3135 1107 3188 est

94 3214 153 3269 sive
166 3213 327 3284 Palaemon,
346 3213 506 3269 adscribere
524 3231 581 3270 non
598 3231 756 3286 possumus,
774 3217 868 3270 utrum
883 3231 917 3269 ex
930 3214 983 3268 hoc
996 3213 1041 3268 vel
1054 3212 1105 3268 illo

94 3310 234 3362 anonymo
253 3296 381 3363 sumptus
401 3293 439 3349 sit
458 3311 495 3348 an
517 3293 601 3364 plane
625 3296 659 3350 de
684 3298 798 3350 auctore
821 3295 1008 3363 desperemus.
1045 3294 1105 3349 Hoc

92 3390 158 3430 vero
178 3373 272 3429 effecit
290 3373 395 3430 Boeltii
414 3372 583 3446 disputatio,
603 3378 635 3429 ut
654 3374 752 3431 etalii
775 3377 805 3430 et
827 3390 882 3441 ego
904 3372 1122 3425 autumnan-

94 3453 222 3508 deremus
242 3454 346 3523 oculos,
366 3456 399 3510 ut
415 3454 568 3529 nonnulla,
587 3473 665 3528 quae
684 3459 768 3514 certa
784 3452 982 3512 naereses.
994 3443 1076 3529 *Q
1091 3438 1149 3485 ὠ

89 3532 144 3587 huc
160 3532 270 3590 incerta
288 3551 351 3592 esse
371 3539 463 3610 atque
477 3538 611 3598 Charisii
628 3536 756 3597 dicendi
771 3527 986 3607 proprietates
1002 3507 1177 3574 qusquam

127 3650 190 3689 Pam
211 3653 226 3692 d
955 3617 1023 3675 ψ

190 3680 195 3690 .
228 3654 265 3695 ub.
280 3666 350 3699 serm.
