2460 3826
413 157 662 213 Commentariolus
680 157 849 227 isagogicas.
1093 159 1132 212 IX

192 298 234 352 De
248 297 337 353 initiis
352 299 508 355 studiorum
517 297 764 367 grammaticorum
779 299 854 368 apud
863 300 1004 355 Romanos
1020 300 1132 372 scripsit

123 377 281 449 Suetonius,
297 396 314 432 a
328 397 382 448 quo
402 378 536 433 discimus
551 377 675 432 studium
688 379 890 448 grammaticae
904 379 933 432 in
947 381 1044 435 urbem
1057 382 1131 436 intu-

120 457 188 512 lisse
202 459 311 514 Cratem
326 459 471 528 Malloten,
485 458 643 513 Aristarchi
661 459 816 528 aequalem,
835 458 909 514 inter
927 462 1079 516 secundnm
1098 479 1130 516 ac

121 539 235 593 tertium
254 539 389 594 Punicum
408 539 515 593 bellum
535 539 586 592 sub
604 538 695 607 ipsam
715 537 798 591 Ennii
817 541 943 595 mortem.
981 540 1129 595 Suetonius

120 617 271 687 magistros
290 618 354 673 illos
373 617 528 672 iuventutis
553 617 679 687 singulos
697 618 727 671 in
746 634 858 672 scenam
875 619 1013 688 producit,
1032 621 1068 674 de
1085 620 1130 690 iis,

121 697 171 765 qui
193 699 228 752 de
246 698 344 767 lingua
367 697 458 752 latina
475 696 748 767 philosophabantur
767 701 796 753 et
808 698 895 752 libros
910 699 1131 770 conscribebant,

119 777 274 832 Varronem
294 778 357 832 dico
371 779 401 832 et
414 776 561 846 Nigidium
574 778 704 846 Figulum
720 781 749 833 et
762 778 885 833 Plinium
899 779 1064 850 Secundum,
1080 797 1129 834 suo

121 856 182 910 iure
201 859 251 910 aut
268 873 360 926 pauca
379 856 449 910 dicit
467 859 517 910 aut
534 858 620 912 tacet.
657 857 762 912 Nostra
778 859 870 929 magis
888 859 1006 914 interest
1024 860 1059 913 de
1077 858 1130 913 lin-

120 953 192 1006 guae
219 937 310 1006 ipsius
339 935 440 990 studiis
473 936 667 992 subtilioribus
700 937 769 1006 quid
795 938 915 992 Romani
947 937 1070 993 dixerint
1101 940 1130 994 εὴ

120 1017 284 1087 scripserint
311 1018 340 1071 et
367 1015 555 1086 cogitaverint
582 1017 690 1086 aliquid
718 1018 861 1072 adnotare.
907 1018 1027 1072 Romani
1056 1018 1129 1072 enim

121 1097 171 1152 ubi
189 1095 328 1167 paulatim
348 1097 385 1150 ad
403 1096 510 1150 cultum
528 1099 558 1151 et
575 1098 781 1152 humanitatem
798 1101 993 1168 pervenerunt,
1012 1101 1041 1152 εὴ
1059 1098 1130 1167 „Pu-

118 1177 181 1232 nico
200 1177 275 1232 bello
296 1178 416 1232 secundo
435 1177 517 1231 Musa
538 1177 654 1248 pinnato
674 1178 764 1248 gradu
780 1182 784 1247 ι
800 1177 899 1232 Intulit
917 1194 947 1232 se
965 1178 1130 1234 bellicosam

119 1258 149 1311 in
167 1257 281 1311 Romuli
298 1260 411 1328 gentem
433 1259 549 1328 feram“,
572 1260 634 1312 tum
656 1258 730 1312 ultro
756 1272 817 1312 sese
840 1258 877 1311 ad
899 1257 1027 1327 linguam
1050 1275 1129 1312 suam

119 1337 281 1406 poliendam
310 1341 339 1392 et
367 1338 522 1392 limandam
550 1338 744 1407 accingebant.
781 1338 891 1407 Agmen
919 1337 997 1392 ducit
1024 1338 1128 1392 Ennius

118 1419 217 1486 poeta;
237 1419 318 1472 erant
336 1417 527 1487 antiquissimi
545 1417 589 1471 illi
607 1420 686 1472 vates
706 1421 735 1474 et
752 1417 867 1487 linguae
892 1418 998 1473 latinae
1022 1418 1129 1488 egregii

118 1497 238 1552 cultores
257 1499 287 1552 et
305 1497 478 1567 semigraeci.
515 1497 657 1563 Quantum
677 1498 845 1553 differebant
870 1515 887 1552 a
905 1498 1033 1568 Graecis,
1053 1499 1128 1567 apud

120 1594 188 1644 quos
216 1578 338 1646 primum
365 1576 527 1648 philosophi
553 1577 680 1647 linguam
703 1578 878 1649 tractabant,
907 1577 1009 1632 deinde
1036 1595 1128 1647 gram·

118 1657 215 1712 matici
243 1658 297 1712 hoc
325 1675 395 1726 opus
424 1657 628 1728 suscipiebant,
657 1674 712 1727 quo
740 1658 804 1712 usui
831 1658 908 1712 vitae
934 1658 1006 1712 haec
1034 1658 1128 1713 studia

117 1738 295 1808 adaptarent.
324 1739 365 1792 De
384 1737 587 1807 orthographia
606 1740 683 1792 certa
700 1740 854 1808 praecepta
867 1738 986 1793 condere
999 1738 1127 1807 inprimis

117 1833 187 1887 opus
212 1820 285 1885 erat;
308 1836 375 1872 usus
398 1817 533 1885 loquendi
555 1818 758 1888 fluctuabatur,
782 1820 814 1872 ut
840 1819 942 1887 poetae
969 1817 1025 1885 ipsi
1048 1835 1128 1872 suam

116 1897 243 1968 linguam
269 1897 351 1965 quasi
374 1913 467 1951 creare
491 1899 520 1952 et
538 1914 675 1968 apparare
694 1898 836 1953 deberent.
872 1897 996 1951 Maxima
1014 1897 1128 1966 quidem

118 1976 174 2030 fuit
200 1975 317 2031 licentia
343 1979 470 2031 veterum
498 1980 571 2032 teste
593 1977 684 2032 Plinio
713 1978 839 2033 Secundo
867 1978 943 2046 apud
970 1977 1127 2032 Charisium

119 2061 241 2126 118,19:
262 2056 355 2124 „quod
374 2055 398 2109 si
417 2073 515 2110 manus
534 2060 660 2112 veterum
678 2057 809 2112 licentiae
827 2058 1014 2128 porrigemus,
1032 2060 1128 2126 potest

119 2139 148 2190 et
166 2135 260 2204 copies
280 2137 309 2189 et
326 2135 519 2191 observantias
538 2139 568 2191 et
585 2137 793 2193 benevolentias
813 2137 895 2193 dici“.
922 2137 1002 2203 Quod
1020 2137 1050 2190 in
1064 2155 1127 2193 con-

117 2214 268 2270 stituendis
295 2215 497 2270 vocabulorum
519 2216 615 2271 formis
639 2217 773 2287 analogia
795 2217 977 2286 praesidebat
998 2234 1055 2271 non
1076 2217 1128 2271 mi-

117 2314 220 2352 ramur.
258 2296 356 2350 Testes
376 2299 441 2350 sunt
458 2297 507 2351 ille
526 2296 704 2352 aecusativus
723 2297 904 2367 ‘praecipem'
924 2297 999 2366 apud
1018 2296 1128 2351 Livium

114 2375 318 2445 Andronicum,
343 2376 460 2430 ‘herem’
481 2377 558 2446 apud
575 2376 727 2446 Naevium,
750 2377 800 2432 ille
817 2376 965 2445 genetivus
986 2377 1124 2431 ‘exerciti’

117 2459 146 2511 εὴ
165 2455 267 2511 ‘iteris'
288 2458 365 2526 apud
383 2458 511 2511 eundem.
546 2457 679 2528 Perlegas
702 2456 786 2511 velim
804 2455 924 2511 Ennium
950 2458 979 2511 et
1000 2456 1126 2511 invenies

117 2535 262 2605 genetivos
291 2536 428 2591 ‘tumulti’
459 2538 489 2591 et
517 2536 668 2606 ‘strepiti’;
697 2539 793 2606 stupes
820 2536 851 2590 in
879 2536 974 2591 ‘solui’
1001 2536 1126 2606 perfecto

117 2614 215 2684 (soleo)
234 2616 310 2684 apud
329 2616 464 2671 Catonem
482 2619 512 2671 et
528 2616 663 2683 Ennium
683 2616 717 2672 cf.
736 2617 825 2672 Varro
844 2617 879 2670 de
897 2616 916 2672 l.
930 2616 949 2672 l.
965 2617 1042 2670 VIlII
1061 2623 1125 2674 107:

117 2694 263 2766 „sequitur
280 2700 313 2750 ut
330 2699 436 2766 contra,
455 2697 589 2765 quoniam
603 2699 648 2750 est
662 2697 773 2763 ‘soleo',
788 2698 930 2766 oporteret
947 2695 1004 2751 dici
1020 2697 1126 2766 ‘solui'‚

117 2779 150 2831 ut
168 2776 237 2831 Cato
262 2778 291 2829 et
313 2775 418 2830 Ennius
443 2777 552 2846 scribit,
575 2793 632 2831 non
655 2778 688 2829 ut
710 2775 781 2829 dicit
797 2776 911 2845 volgus,
938 2776 1037 2830 solitus
1056 2794 1126 2845 sum,

117 2855 234 2910 deberet
252 2852 334 2909 dici“.
370 2853 512 2909 Adverbia
529 2855 560 2910 in
578 2855 645 2910 -iter
663 2856 794 2910 exeuntia
812 2855 933 2910 Ennium
955 2873 1126 2926 magnopere

116 2934 298 2989 delectabant
321 2932 515 3006 (iracunditer,
539 2935 704 3005 ignaviter),
733 2934 772 2989 sic
796 2934 920 2989 Naevius
945 2935 1124 3005 ‘superbiter’

114 3013 263 3084 Nonblo,
281 3020 322 3068 10.
359 3011 519 3068 Priscianus
550 3034 577 3086 p.
597 3021 697 3085 24⁹st
731 3015 765 3069 de
797 3015 935 3070 vocabulo
969 3015 1126 3070 ‘Samnis'r

115 3093 214 3162 „huius
238 3095 368 3147 neutrum
387 3090 511 3146 Naevius
532 3093 689 3149 ‘Samnite'
713 3095 833 3165 protulit
854 3094 885 3148 in
911 3096 1033 3150 carmine
1057 3096 1126 3150 belli

113 3172 237 3228 Punici“.
274 3173 312 3227 Et
337 3170 398 3225 veri
427 3170 518 3226 simile
540 3175 584 3228 est
611 3174 702 3228 multa
728 3174 854 3245 vulgaris
884 3175 1019 3229 sermonis
1044 3192 1125 3230 voca-

113 3251 183 3306 bula
201 3270 219 3307 a
236 3252 329 3322 poetis
347 3251 378 3304 in
396 3250 521 3305 carmina
540 3270 591 3307 sua
608 3253 770 3309 introducta
788 3271 858 3310 esse.

184 3334 305 3388 Ennium
322 3350 458 3388 novorum
475 3333 675 3387 vocabulorum
693 3333 891 3389 fabricatorem
917 3335 1005 3390 fuisse
1028 3338 1126 3391 auctor

116 3414 159 3467 est
177 3414 310 3469 Horatius
329 3414 362 3468 A.
382 3412 412 3468 P.
431 3418 465 3467 56
485 3457 491 3468 .
512 3456 518 3468 .
539 3457 545 3468 .
565 3430 627 3467 cum
651 3413 748 3482 lingua
773 3413 886 3469 Catonis
910 3418 939 3469 et
956 3415 1030 3469 Enni
1045 3419 1049 3486 Ι
1066 3416 1127 3471 Ser-

113 3509 225 3548 monem
242 3493 367 3563 patrium
386 3492 520 3548 ditaverit
538 3495 567 3547 et
592 3509 665 3548 nova
688 3510 780 3548 rerum
796 3492 945 3565 litamina
960 3495 1138 3561 mathatha
1201 3567 1213 3584 κ
