2460 3840
126 145 171 207 44
328 143 370 197 De
388 142 466 197 vitiis
485 142 627 198 orationis.
664 142 706 198 De
724 141 940 212 praepositione.

379 348 468 420 XIII.
505 347 677 418 devitiis
706 347 883 419 credonis.

194 488 228 549 K.
248 489 292 547 IV
311 492 384 562 447,
405 492 423 550 5
449 482 561 572 (Servii
584 507 688 548 comm.
712 489 744 547 in
766 481 934 568 Donatum)
960 487 1142 558 Quaesitum

128 581 174 637 est
197 579 278 655 apud
295 579 429 638 Plinium
448 579 627 654 Secundum,
651 577 725 655 quid
747 577 906 637 interesset
928 578 1009 637 inter
1026 577 1142 656 figuras

128 671 158 726 et
180 667 263 728 vitia.
295 687 365 727 nam
389 687 457 727 cum
479 666 595 744 figurae
614 666 653 725 ad
672 669 812 725 ornatum
830 666 1038 744 adhibeantur,
1061 668 1141 729 vitia

100 756 271 834 evitentur,
290 757 395 815 eadem
414 759 516 815 autem
533 755 727 816 inveniantur
744 756 881 832 exempla
898 759 963 814 tam
980 756 1012 814 in
1030 755 1139 834 figuris

128 865 219 922 quam
241 845 273 903 in
291 845 383 922 vitiis,
406 845 496 904 debet
514 844 619 921 aliqua
637 862 701 903 esse
720 844 869 904 discretio.
900 844 1048 922 quidquid
1066 864 1140 924 ergo

127 934 255 994 scientes
278 933 405 992 facimus
428 933 573 994 novitatis
596 932 707 1009 cupidi,
730 935 811 1010 quod
835 936 936 992 tamen
961 933 1142 994 idoneorum

127 1025 287 1081 auctorum
318 1022 455 1082 firmatur
487 1021 644 1098 exemplis,
680 1020 779 1098 figura
813 1022 930 1081 dicitur.
991 1022 1142 1100 quidquid

128 1113 231 1170 autem
261 1110 435 1189 ignorantes
462 1111 616 1188 ponimus,
648 1110 758 1171 vitium
790 1113 925 1186 putatur.
963 1129 1033 1169 nam
1060 1112 1142 1172 sicut

87 1217 114 1259 ro
128 1199 267 1275 superius
294 1200 437 1277 diximus,
464 1194 534 1278 <si>
562 1199 658 1258 sciens
686 1199 754 1277 quis
781 1199 862 1258 dicat
884 1218 962 1273 pars
988 1202 1021 1259 ia
1043 1202 1142 1274 frasta

127 1293 225 1348 scccut
256 1293 286 1348 et
318 1307 408 1349 causa
439 1289 596 1350 varietatis
628 1288 685 1347 hoc
712 1288 806 1365 dicat,
837 1287 967 1366 figuram
994 1288 1082 1366 facit,
1116 1290 1142 1349 si

128 1381 230 1438 autem
252 1379 379 1451 nesciae,
403 1397 472 1437 oum
495 1377 580 1436 aliud
602 1377 677 1438 velit
695 1377 801 1451 dicere,
824 1378 988 1455 incongrue
1007 1377 1089 1436 inter
1107 1397 1139 1438 se

127 1486 268 1527 numeros
291 1467 432 1538 iunxerit,
456 1467 665 1526 soloecismum
688 1466 794 1525 fecisse
818 1466 979 1525 iudicatur.

194 1555 230 1615 K.
245 1555 272 1611 V
289 1558 361 1633 292,
378 1558 417 1616 13
438 1547 556 1637 (Pomp.
571 1546 691 1636 comm.)
710 1554 826 1614 Plinius
845 1555 888 1614 sic
902 1555 984 1633 dicit,
1004 1549 1137 1633 ‘quando

89 1661 114 1702 15
128 1645 169 1703 sit
188 1645 391 1722 soloecismus,
411 1645 530 1722 quando
550 1645 591 1703 sit
610 1644 741 1720 schema3
766 1645 831 1703 sola
847 1644 1058 1722 intellegentia
1076 1645 1139 1705 dis-

128 1727 243 1792 cemit'.
280 1734 343 1792 noli
365 1736 397 1792 te
419 1733 530 1792 referre
554 1732 593 1791 ad
614 1732 706 1809 illud,
731 1733 812 1811 quod
835 1733 963 1792 diximus
987 1733 1024 1791 de
1042 1737 1138 1793 meta·

126 1821 259 1898 plasmis.
291 1840 361 1880 nam
381 1824 412 1881 et
429 1821 461 1880 in
475 1821 650 1881 soloecismo
668 1821 725 1880 hoc
739 1823 905 1899 quaeritur,
923 1823 1028 1880 utrum
1043 1822 1139 1889 sciens

127 1910 184 1970 hoc
206 1910 325 1987 fecerit,
348 1929 386 1968 an
409 1911 556 1970 nesciens:
580 1911 605 1969 si
629 1910 725 1970 sciens
748 1911 854 1970 fecerit
877 1911 935 1970 erit
958 1911 1091 1989 schema3
1115 1913 1141 1972 si

128 1999 263 2058 nesciens
281 1999 396 2077 fecerit,
415 1999 473 2058 erit
492 1999 693 2059 soloecismus.
726 2019 786 2077 qua
804 1998 940 2060 ratione?
968 2003 1045 2076 puta
1058 1994 1140 2076 ‘pars

88 2105 114 2145 ao
128 2089 160 2147 in
182 2089 281 2148 frusta
304 2081 427 2147 secant'.

195 2178 230 2236 K.
245 2177 289 2236 IV
303 2179 407 2254 444,3
424 2169 537 2258 (Servii
550 2195 654 2237 comm.
668 2179 701 2237 in
714 2169 883 2259 Donatum)
902 2176 1020 2236 Plinius
1038 2181 1141 2237 autem

128 2266 202 2326 dicit
223 2266 442 2326 barbarismum
466 2285 529 2326 esse
554 2285 720 2326 sermonem
742 2285 849 2339 unum,
877 2266 908 2324 in
932 2284 992 2343 quo
1015 2267 1061 2326 uis
1084 2285 1141 2326 sua

129 2359 175 2414 est
198 2359 303 2416 contra
324 2359 473 2415 naturam.
503 2355 707 2415 barbarismus
731 2359 833 2415 autem
856 2355 968 2414 dicitur
991 2373 1035 2429 eo,
1059 2356 1142 2432 quod

127 2444 249 2503 barbari
265 2463 358 2520 prave
376 2445 527 2521 locuntur,
546 2447 582 2503 ut
601 2445 681 2521 siqui
700 2445 781 2505 dicat
794 2445 923 2503 Rumam
940 2463 996 2520 pro
1011 2443 1116 2503 Roma.

89 2550 115 2590 25
194 2534 231 2592 K.
249 2532 273 2589 V
289 2535 363 2608 283,
381 2535 419 2592 18
435 2525 553 2615 (Pomp.
569 2526 688 2614 comm.)
707 2535 750 2593 Et
767 2533 836 2594 vide
856 2552 946 2609 quem
964 2532 1141 2592 admodum

129 2622 274 2698 expressit
296 2621 427 2699 Plinius,
455 2622 643 2699 quambene
668 2625 699 2681 et
725 2623 842 2699 integre
870 2621 951 2681 dicit.
998 2621 1140 2699 quidest

128 2709 351 2769 barbarismus?
389 2710 470 2788 quod
495 2730 556 2770 nou
583 2711 695 2769 dicitur
722 2729 775 2785 per
801 2713 951 2770 naturam.
998 2710 1141 2787 quidest

129 2797 343 2858 soloecismus?
381 2799 462 2877 quod
482 2801 561 2858 male
579 2818 634 2876 per
654 2802 750 2858 artem
768 2799 887 2859 dicitur.
929 2817 999 2857 nam
1017 2818 1049 2858 re
1068 2817 1141 2860 vera

128 2887 332 2946 barbarismus
355 2907 409 2963 per
431 2891 571 2947 naturam
592 2907 653 2946 non
675 2891 776 2964 potest
799 2888 865 2947 dici.

89 3120 115 3160 a
407 3083 490 3154 XIV.
527 3084 574 3153 Ile
601 3084 862 3174 praepositione.

196 3225 233 3286 K.
252 3224 311 3283 VH
335 3226 412 3301 355,
432 3227 474 3285 20
507 3216 655 3306 (Audacis
683 3218 836 3306 excerpta)
870 3225 984 3300 Super
1014 3244 1141 3302 praepo·

130 3316 270 3375 sitionem
293 3313 411 3373 Plinius
431 3313 584 3373 Secundus
609 3334 645 3373 ex
666 3315 713 3373 his
736 3314 834 3373 tribus
857 3314 1141 3392 praepositionibus

129 3405 161 3463 id
184 3408 229 3463 est
252 3421 353 3480 supra,
376 3402 421 3479 de,
445 3403 485 3481 in,
508 3404 576 3464 vult
598 3404 708 3463 habere
728 3401 985 3481 significationem,
1008 3406 1141 3481 utputa

131 3511 222 3569 supra
244 3510 333 3551 socca
356 3493 457 3552 sedeas
473 3510 561 3566 saper
579 3511 674 3560 armo,
698 3493 772 3551 item
789 3493 859 3551 socii
878 3493 1037 3552 commem
1054 3510 1142 3567 stipor
