2460 3840
130 144 172 207 74
371 143 412 200 De
432 142 525 198 dubiis
543 141 692 212 generibus
711 144 740 196 et
757 141 888 197 numeris.

123 296 250 370 pulchro
270 312 350 368 poco.
396 295 469 354 haec
492 313 587 370 penus
610 294 700 353 huius
723 312 832 370 ponus,
855 293 903 352 hio
926 309 1022 369 penus
1045 292 1137 352 huius

128 384 207 460 peni,
229 386 266 443 ut
288 393 335 443 est
356 384 430 442 haec
452 402 559 443 manus
582 383 672 442 huius
695 401 811 460 manus,
823 427 900 441 .....
912 375 1059 464 (camo,
1072 373 1138 462 11).

194 473 231 532 Κ.
244 472 289 530 IV
313 474 385 548 208,
407 475 446 532 16
468 519 475 532 .
494 517 501 531 .
522 520 528 533 .
548 521 554 532 .
574 475 605 532 et
627 471 785 531 Cornelius
809 471 936 532 Severus
958 489 1061 529 rerum
1078 469 1140 530 Ro·

128 580 286 621 manarum
308 561 386 620 libro
409 561 425 619 l
447 561 523 621 dixit
539 563 679 635 pelopum
698 565 871 634 poatosmqoo
891 561 1008 619 moveri.

103 671 116 713 o
194 651 230 710 Κ.
250 651 277 708 V
298 653 371 728 586,
391 653 411 709 4
429 650 557 711 Pelves
576 649 694 728 generis
712 648 857 723 feminini,
874 651 911 707 ut
928 647 1057 726 Valgius
1070 666 1141 722 por-

128 741 227 813 fcsom
243 741 364 814 peccem.

193 829 277 888 KV
302 829 374 902 587,
396 829 412 885 1
437 826 568 885 Perdix
590 825 708 904 generis
726 826 870 902 feminini,
892 829 930 886 ut
950 826 1047 885 Varro
1068 843 1138 900 por-

127 918 197 977 culo
218 919 317 976 limoso
334 917 478 990 prospicit
500 917 566 974 elice
583 917 689 988 pordic
712 907 801 995 (Non.
823 906 910 996 218).

195 1004 247 1065 Oh.
264 1007 315 1081 58,
331 1007 372 1064 10
394 1003 598 1081 Pervigilia
611 1003 743 1063 neutrali
757 1022 866 1081 genere
880 1003 994 1079 plurali
1011 1022 1137 1064 numero

90 1116 115 1155 10
131 1112 170 1152 an
183 1093 360 1170 pervigiliae
375 1092 519 1152 feminino
534 1110 643 1170 genere
660 1092 773 1168 plurali
791 1111 915 1151 numero
930 1091 988 1151 dici
1011 1091 1141 1153 debeant

130 1182 294 1258 quaeritur.
342 1186 372 1242 et
399 1181 540 1240 dicendae
568 1181 646 1240 siout
673 1180 863 1258 pervigiliae3
890 1200 948 1240 nec
972 1180 1028 1240 hoc
1055 1180 1139 1241 labo-

129 1271 208 1330 riosa
231 1271 347 1331 ratione
372 1270 564 1347 adprobatur.
609 1289 680 1329 nam
706 1287 775 1328 cum
802 1288 856 1346 per
884 1288 914 1329 se
941 1269 1065 1347 vigiliae
1094 1270 1139 1329 di-

130 1362 250 1439 cantur,
276 1360 498 1437 praepositione
527 1358 642 1418 adiecta
669 1377 729 1417 non
756 1362 897 1418 naturam
923 1361 1057 1435 mutant,
1086 1359 1140 1418 sed

129 1449 283 1526 accipiunt
310 1449 454 1526 temporis
487 1447 732 1524 diuturnitatem,
765 1449 796 1506 et
826 1447 879 1524 qui
912 1447 1041 1524 vigilant
1070 1467 1138 1523 per-

91 1559 117 1600 15
129 1537 257 1615 vigilare
280 1538 431 1597 dicuntur.

195 1625 246 1685 Oh.
263 1629 313 1702 72,
329 1629 371 1686 30
385 1625 586 1685 Pistrinum
601 1624 781 1684 neutraliter
796 1624 919 1699 dicitur3
935 1624 987 1683 sed
1000 1623 1138 1684 Lucilius

127 1714 199 1773 XVI
220 1715 362 1774 feminine
386 1714 495 1773 extulit
521 1716 617 1774 medio
640 1716 814 1788 opistro'oa,
844 1713 884 1771 ad
910 1712 1066 1772 tabernam
1092 1733 1139 1774 re·

128 1803 233 1877 ferens,
257 1807 293 1862 ut
315 1822 452 1880 caupona
475 1802 594 1862 dicitur.
630 1822 701 1861 nam
722 1805 753 1862 et
772 1801 930 1862 Terentius
952 1801 1137 1865 deminutive

127 1891 290 1967 pistrillum
312 1891 389 1951 dixit
406 1893 538 1965 pistrilla
562 1896 625 1951 orat
646 1893 788 1964 quaedam
811 1882 862 1972 (K.
885 1891 913 1947 V
938 1889 1025 1970 588).

88 2001 115 2041 ao
195 1980 231 2040 K.
245 1980 272 2037 V
288 1983 361 2058 587,
378 1983 418 2040 14
441 1980 506 2038 Pir
524 1979 642 2057 generis
660 1980 805 2055 feminini,
824 1981 860 2038 ut
878 1979 983 2039 Varro.
1015 1980 1139 2041 Idaeas·

129 2087 182 2142 qao
197 2073 280 2144 pc‘oos
304 2062 371 2150 (Oh.
393 2072 443 2138 91,
464 2061 530 2148 26).

195 2158 393 2231 Oh.140,15
417 2159 564 2217 Pometa
587 2155 641 2215 ubi
663 2175 752 2233 poma
771 2157 939 2234 gignuntur
956 2161 993 2216 ut
1012 2157 1137 2235 oliveta3

128 2248 264 2323 pomaria
291 2251 393 2307 autem
421 2265 480 2324 quo
507 2249 673 2323 ponuntur,
705 2245 841 2322 pomaria
870 2245 901 2303 in
930 2245 1039 2322 quibus
1068 2265 1137 2305 con·

128 2336 265 2396 tinentur
288 2329 353 2416 (ch.
375 2339 449 2413 109,
469 2327 534 2416 28).

89 2444 114 2484 os
194 2425 230 2487 K.
253 2426 282 2484 V
304 2427 415 2502 588,1
440 2425 589 2484 Porrum
617 2423 734 2501 generis
758 2423 871 2500 neutri,
896 2423 948 2482 sed
971 2421 1066 2482 Varro
1085 2441 1139 2496 po-

127 2519 238 2574 ococtaor
260 2519 357 2574 tenues
373 2517 461 2588 porri
484 2505 551 2594 (oh.
572 2515 644 2587 104,
665 2504 707 2593 7).

193 2603 230 2661 Κ.
248 2602 278 2661 V
298 2605 369 2680 587,
390 2604 431 2662 16
455 2601 652 2678 Praesepia
674 2603 779 2661 vetant
797 2600 986 2677 grammatici
1004 2600 1138 2678 singula-

128 2690 202 2749 riter
228 2685 342 2769 <dici>3
376 2693 406 2749 et
438 2690 474 2749 de
507 2709 615 2768 genere
644 2689 807 2766 quaeritur.
855 2688 907 2747 sed
934 2689 1030 2748 Varro
1062 2689 1138 2749 haec

128 2779 280 2855 praesepis
309 2782 340 2839 et
372 2779 445 2838 alibi
476 2779 532 2838 hoc
564 2796 717 2855 praesepe.
763 2776 853 2836 Cotta
884 2795 961 2838 awac
990 2780 1029 2838 od
1049 2796 1139 2852 proo-

199 2970 215 3018 5
233 2964 362 3036 pelves]
382 2965 491 3020 Vettios
508 2964 538 3018 in
558 2964 628 3034 cod,
648 2965 764 3034 Volpics
781 2963 929 3034 Hauptius.
942 2995 975 3005 -
986 2967 1020 3018 27
1038 2979 1138 3033 prae-

129 3036 237 3108 sepia]
256 3036 334 3090 locus
354 3052 431 3104 corr,
450 3036 485 3089 de
504 3052 559 3103 quo
578 3035 613 3092 cf.
631 3034 717 3090 Keilii
736 3035 799 3090 adn.

95 3220 124 3267 ο·
200 3220 233 3268 27
252 3212 445 3297 praesepia]
474 3212 579 3281 choo,
595 3218 627 3266 11
655 3213 717 3266 loco
745 3214 888 3283 corrupto:
908 3254 914 3267 .
934 3256 940 3268 .
960 3255 966 3268 .
986 3214 1035 3268 hoc
1054 3229 1138 3282 proo-

128 3301 187 3355 sepe
205 3287 367 3341 neutraliter
385 3284 523 3357 <decimos
544 3290 570 3338 ct
590 3285 640 3339 hoc
658 3284 866 3358 praesepium),
884 3285 1035 3354 pluraliter
1055 3300 1137 3353 proo-

128 3358 211 3426 sepia.
248 3357 294 3411 sed
312 3357 436 3412 Placatos
453 3357 485 3410 c'a
504 3355 667 3410 &oratione
691 3358 821 3423 feminiae
840 3396 971 3411 ........
992 3355 1082 3410 ‘osam
1100 3356 1139 3410 od

120 3444 282 3507 praesepem
303 3429 406 3482 saom’.
444 3435 470 3512 et
494 3427 581 3482 Varro
604 3428 636 3480 c'a
658 3427 762 3496 Nepote
784 3429 850 3482 haec
869 3442 1011 3496 praesopes
1034 3423 1137 3499 <dixit

111 3499 256 3550 occandum
274 3505 369 3554 actem
386 3505 427 3554 est
444 3516 476 3555 ccc
494 3497 547 3574 c>,·
565 3503 614 3554 cot.
