2460 3840
132 134 175 198 26
292 131 334 186 De
353 131 513 186 accusativo
532 131 636 202 plurali
653 133 755 188 tertiae
774 130 979 187 declinationis.

130 285 279 342 voluerum
301 283 458 342 Maecenas
481 282 512 341 in
535 283 655 361 dialogo
679 283 709 341 ΙΙ
733 286 764 343 et
787 283 980 361 consuetudo,
1003 286 1039 343 ut
1061 283 1139 343 idem

131 373 175 431 ait
197 372 322 432 Plinius,

198 459 249 520 Ch.
269 462 320 539 sl,
336 464 374 519 21
406 459 481 520 Oum
504 481 574 521 vero
599 462 684 522 evol
707 464 718 520 e'
740 463 788 522 vel
811 481 832 520 a
854 461 1035 520 terminetur
1059 461 1141 521 abla-

132 551 214 610 tivus
238 550 408 628 singularis,
431 569 481 608 aru
504 550 613 626 accipit
637 554 667 609 et
690 550 764 609 facit
789 551 963 627 genetivum
980 551 1139 626 pluralem.

107 639 254 700 edativus
283 642 314 698 et
341 639 491 699 ablativus
518 642 571 699 bus
599 639 716 715 syllaba
738 640 952 716 terminantur,
982 639 1079 699 veluti
1103 639 1140 698 ab

131 728 187 787 hoc
210 747 290 806 rege,
312 747 428 805 regum,
451 728 580 805 regibus,
605 727 642 787 ab
665 728 721 786 hao
744 729 824 805 navi,
846 728 978 806 navium,
1002 728 1140 805 navibus,

133 819 164 876 et
191 817 229 875 ab
256 817 312 875 hoc
340 818 443 892 portu,
471 820 627 893 portuum,
654 815 800 892 portibus.
846 816 1015 877 invenimus
1038 820 1139 876 tamen

132 907 213 982 apud
237 908 373 963 auctores
393 905 485 964 etiam
502 905 548 963 bis
568 905 727 964 contraria.
763 923 902 964 aureum
920 905 1000 964 enim
1019 903 1139 966 Coelius

131 993 216 1071 dixit,
242 993 378 1052 Lucilius
398 989 595 1072 ΘΗΜ),
624 992 739 1052 Gellius
763 1013 833 1054 vero
856 1012 988 1068 rogerum
1011 998 1042 1054 et
1065 996 1139 1069 lopi-

91 1103 117 1143 ιο
131 1085 239 1159 derum,
263 1101 330 1141 oum
353 1100 420 1141 rum
443 1081 591 1158 syllabam
613 1101 778 1159 numquam
802 1082 931 1158 accipiat
954 1082 1105 1142 ablativus
1126 1101 1140 1141 e

130 1171 233 1230 littera
246 1171 435 1248 terminatae,
453 1171 512 1230 nisi
526 1189 593 1229 oum
608 1171 792 1248 producitur,
809 1174 845 1230 ut
859 1171 897 1229 ab
911 1173 967 1231 hac
981 1191 1013 1231 re
1028 1191 1137 1249 rerum,

130 1259 177 1317 die
201 1260 325 1338 dierum,
349 1261 447 1336 specie
470 1261 646 1338 specierum,
669 1261 745 1318 facie
768 1260 921 1319 facierum.

195 1442 217 1500 1.
254 1442 302 1497 De
326 1419 519 1498 accusativo
542 1442 667 1511 plurali
689 1441 808 1497 tertiae
831 1441 1074 1498 declinationis.

198 1560 249 1620 Oh.
271 1565 343 1639 129,
359 1564 398 1621 19
418 1562 577 1622 Fonteio.
602 1556 743 1639 ‘quorum
755 1562 909 1620 nominum
924 1562 1057 1639 genetivi
1070 1563 1138 1638 plu·
1156 1536 1182 1557 '⁰

92 1670 117 1710 15
130 1650 202 1708 ralis
222 1654 291 1709 ante
306 1669 355 1710 um
374 1651 522 1727 syllabam
535 1654 546 1709 t
564 1651 699 1711 litteram
713 1650 915 1728 merebuntur,
935 1644 1137 1711 accusativus'

130 1738 231 1815 inquit
254 1739 369 1798 Plinius
393 1733 458 1815 ‘per
481 1743 521 1798 ets
543 1741 694 1817 loquetur,
717 1740 874 1816 montium,
897 1741 1038 1816 monteis3
1066 1740 1138 1798 licet

41 1852 42 1855 ¹
130 1821 238 1886 Varro'
262 1828 362 1904 inquit
380 1821 535 1904 ‘exemplis
553 1829 630 1887 hano
648 1829 785 1906 regulam
805 1829 961 1887 confutare
979 1829 1139 1903 temptarit

129 1916 218 1974 istius
232 1917 322 1994 modi,
332 1917 457 1975 falcium
470 1918 572 1994 falces,
582 1937 642 1976 non
655 1918 760 1976 falceis
774 1917 856 1989 facit,
866 1935 920 1975 neo
935 1916 988 1976 has
1002 1917 1136 1994 morceis,

130 2023 184 2063 neo
207 2005 261 2065 hos
285 2006 375 2083 areis,
403 2005 528 2081 lintreis,
556 2006 696 2083 ventreis,
724 2005 853 2082 stirpeis,
877 2005 987 2083 urbeis,
1014 2005 1139 2083 corbeie,

91 2115 117 2154 ao
130 2094 251 2172 vesteis,
273 2094 404 2153 inerteis.
438 2097 469 2153 et
491 2097 593 2152 tamen
615 2113 721 2153 manus
740 2095 794 2154 dat
815 2094 996 2171 praemissae
1014 2095 1138 2172 regulae

129 2182 264 2261 ridicule,
286 2187 323 2242 ut
346 2184 477 2260 exeeptis
499 2183 546 2242 his
569 2183 739 2243 nominibus
762 2184 864 2243 valeat
886 2176 1017 2261 regula'

196 2271 249 2333 Oh.
270 2275 342 2350 129,
363 2275 403 2333 25
423 2273 554 2350 Funes,
573 2272 645 2331 licet
663 2272 852 2349 grammatici
866 2272 969 2349 velint,
988 2271 1136 2350 genetiuis

129 2361 193 2418 tam
216 2361 364 2438 singulari
387 2361 612 2438 quamplurali
635 2361 661 2420 si
682 2363 694 2420 t
715 2361 819 2420 littera
842 2361 992 2438 intererit,
1016 2379 1137 2419 accusa·

129 2449 227 2509 tivum
244 2450 393 2526 pluralem
412 2450 443 2508 in
462 2453 502 2509 cis
521 2450 610 2524 exire,
633 2454 669 2509 ut
687 2449 777 2509 huius
795 2450 875 2508 funis
893 2450 1001 2509 horum
1018 2449 1138 2507 funium

90 2557 115 2597 as
129 2536 183 2597 hos
210 2539 318 2599 iuncis.
360 2558 452 2615 quam
482 2540 620 2617 regulam
651 2541 742 2616 negat
768 2538 884 2598 Plinius
916 2539 994 2598 vires
1026 2538 1137 2597 habere

127 2628 271 2700 potuisse.
308 2631 409 2686 errant
432 2627 511 2686 enim
534 2628 586 2704 qui
609 2630 719 2703 putant
738 2646 774 2686 ea
795 2628 916 2686 nomina
939 2646 1016 2703 quae
1039 2627 1136 2686 nomi·

128 2715 231 2775 nativo
251 2716 398 2793 singulari
417 2719 447 2775 et
465 2716 605 2793 genetivo
619 2735 673 2792 per
691 2719 717 2775 is
735 2716 980 2776 terminabuntur
998 2719 1029 2775 et
1046 2734 1137 2793 geno·

123 2803 207 2863 tivos
239 2799 415 2883 <plurales>
446 2824 501 2881 per
531 2808 593 2864 ium
624 2805 787 2881 loquentur
819 2805 1007 2865 accusativos
1037 2804 1068 2862 in
1097 2807 1138 2864 ets

128 2910 214 2968 posse
239 2893 344 2970 dicere,
368 2893 449 2970 quod
471 2896 564 2971 negat
585 2892 710 2952 Plinius.

88 3003 117 3042 so
195 2980 246 3041 Oh.
269 2984 344 3057 129,
364 2985 403 3040 31
433 2982 604 3041 Ferocior
629 2985 693 3041 tam
721 3001 809 3059 quam
838 2983 935 3059 peior,
961 2982 1069 3042 melior
1092 2981 1137 3041 ait

129 3070 206 3129 Stilo
229 3071 261 3129 in
285 3073 325 3130 eis
348 3070 519 3130 accusativo
543 3089 629 3146 posse
652 3072 793 3149 proferri,
816 3071 996 3131 ferocioreis.

199 3262 214 3310 3
230 3255 282 3311 ch.
298 3261 340 3326 54,
355 3258 401 3328 21]
421 3256 492 3310 Vide
505 3255 592 3311 Keilii
605 3257 667 3312 adn.
682 3289 718 3298 -
733 3264 765 3311 22
780 3256 904 3328 fumeis]
924 3255 1032 3311 Keilius
1047 3259 1136 3312 recte:

129 3330 296 3384 accusativos
314 3330 345 3382 io
363 3330 402 3384 eis
415 3344 494 3398 posse
512 3329 607 3384 dicere.

199 3490 233 3539 14
251 3486 392 3559 fonteio]
411 3487 522 3543 Bramb.
541 3506 568 3558 p.
585 3493 701 3557 151sq.‚
725 3488 785 3543 Ter.
802 3487 920 3542 Scaurus
935 3487 967 3541 K.
982 3487 1076 3557 VHp.
1091 3492 1134 3544 33.
