2460 3840
269 157 311 212 De
329 155 456 212 ablativo
475 157 613 227 singulari
630 157 733 213 tertiae
752 157 956 215 declinationis.
1076 160 1117 224 15

105 310 208 387 Nepos
235 308 411 368 inlustrium
437 308 573 368 virorum
600 308 678 368 libro
702 309 786 386 XVI,
819 327 838 367 c
869 311 964 382 fratre
983 311 1119 384 patruele

104 399 205 475 inquit
228 395 313 456 *rem
336 397 574 474 necessitudinis,
598 397 650 456 sed
674 399 765 457 etiam
786 417 946 474 personam
970 399 1117 459 ostendat.

173 486 225 547 Oh.
251 487 366 564 142‚8
391 485 492 544 Rudi.
533 504 588 544 nec
619 486 668 544 hic
701 485 851 547 ablativus
878 487 910 545 in
938 504 952 545 e
978 488 1117 565 mutabit,

107 576 250 654 quoniam
267 594 328 635 non
347 574 429 651 capit
448 592 512 633 esse
531 593 639 633 nomen
658 575 815 652 proprium
834 576 971 654 hominis,
995 580 1026 636 ct
1046 578 1118 654 quia

106 666 151 725 rei
174 667 229 742 est,
247 667 284 723 ut
307 683 325 723 a
346 662 416 722 rudi
439 663 548 723 animo.
1144 682 1157 724 1

171 752 363 830 Ο11.142,10
381 751 493 829 Rude,
513 751 550 810 ab
570 751 626 810 hac
644 752 726 812 rude.
755 746 793 812 ‘si
812 753 848 812 de
867 753 954 831 *qua
971 749 1117 815 ludimus'
1164 816 1167 822 Δ

104 844 148 902 ait
169 843 300 919 Plinius,
329 835 448 900 ‘merito
472 858 487 900 c
513 841 618 899 littera
641 841 742 900 claudi
765 841 861 902 dehet.
897 844 1002 920 iaque
1026 847 1056 904 et
1079 844 1117 903 ab

104 924 172 991 hac'
196 931 297 1009 inquit
320 923 450 988 ‘summa
471 929 541 988 rudi
564 928 624 988 dici
641 925 751 990 debet'.
784 921 868 1012 (vide
886 931 966 992 infra
984 927 1117 1014 ‘rudis').

171 1019 224 1080 Oh.
245 1020 374 1096 142,18
398 1019 494 1077 Rure
517 1018 677 1078 Terentius
696 1019 727 1077 in
745 1020 902 1099 Eunucho,
922 1039 955 1081 ec
972 1040 1033 1081 mco
1046 1041 1116 1097 prc-

97 1112 210 1184 111110
232 1125 303 1167 rure
324 1109 376 1166 boe
393 1111 476 1182 capto
499 1109 646 1166 commodi.
677 1108 782 1184 itaque
806 1113 837 1169 et
856 1110 951 1170 Varro
976 1111 1014 1170 ad
1034 1109 1114 1171 Oice-
1131 1126 1157 1167 10

103 1216 206 1258 ronam
225 1196 312 1256 XXII
333 1213 404 1256 rare
424 1199 498 1255 ocal.
531 1215 621 1272 quem
642 1196 760 1256 Plinius
784 1199 822 1256 ad
846 1198 974 1258 eundem
988 1200 1031 1258 XI
1048 1218 1119 1260 rare

103 1289 269 1346 ordinatam
297 1288 449 1345 arbustam
476 1285 586 1344 dixisse
608 1285 728 1358 laudat3
757 1287 808 1345 sed
832 1290 863 1346 et
887 1289 1063 1348 Terentium
1085 1289 1117 1348 in

103 1374 250 1451 Adelphis
272 1374 368 1446 libam
389 1379 476 1448 nepot
498 1391 662 1442 reserare,
686 1374 738 1434 sed
761 1377 792 1434 et
815 1375 963 1435 Titinium
985 1378 1017 1436 in
1040 1377 1118 1439 Hor-

104 1463 201 1524 tensio
224 1466 256 1523 io
278 1465 343 1538 foro
366 1468 418 1522 cat
439 1465 472 1522 ia
490 1465 574 1522 cario
594 1461 598 1537 Ι
612 1465 826 1537 perceperas
844 1483 931 1539 qaam
949 1484 1019 1525 rore
1036 1467 1117 1540 opud

102 1556 128 1612 tc
144 1555 271 1629 incluso,
291 1571 360 1610 cum
377 1571 464 1611 nemo
484 1551 611 1613 dubitet.
644 1555 675 1611 et
693 1553 816 1612 tametsi
834 1555 920 1612 nulla
937 1555 1034 1631 possit
1051 1573 1115 1614 esse
1130 1569 1156 1610 15

101 1641 230 1702 nominis
252 1641 360 1718 regula
381 1640 496 1717 certior,
521 1634 579 1719 [ct]
603 1641 747 1717 insignis
771 1645 873 1702 tamen
891 1643 1116 1704 adverbialibus

101 1750 161 1791 non
187 1733 289 1807 potest
315 1729 486 1789 nominibus
515 1747 579 1788 esse
608 1748 773 1790 commune.
825 1751 1008 1809 quamquam
1036 1733 1116 1792 enim

100 1818 186 1879 finito
210 1819 300 1878 istius
323 1819 364 1878 sit
388 1819 452 1878 eius
476 1819 574 1893 modi,
598 1837 805 1896 quaecumque
829 1821 952 1881 nomina
974 1822 1115 1899 genetivo

103 1907 251 1986 singulari
278 1908 310 1966 in
336 1911 363 1967 is
389 1907 541 1983 venerint,
570 1907 703 1968 ablativo
732 1908 880 1986 singulari
907 1910 939 1968 in
962 1929 977 1970 c
1003 1911 1115 1989 venire,

101 2001 204 2056 tamen
231 2001 335 2061 eontra
356 1999 422 2057 rari
445 2013 529 2070 opere
550 1999 653 2065 ettam,
676 2014 821 2071 perparce
843 2017 878 2059 oe
901 2001 1012 2059 duriter
1031 2000 1036 2073 Ι
1055 2018 1116 2061 sese
1129 2015 1155 2057 1ο

101 2086 205 2144 babere
240 2086 399 2145 Micionem
432 2085 591 2145 Terentius
623 2086 655 2144 in
686 2085 833 2163 Adelphis
869 2088 1044 2164 loquentem
1078 2089 1115 2149 de

101 2174 197 2233 fratre
220 2176 422 2252 conmcminit,
444 2194 505 2234 non
527 2193 605 2233 rure.

167 2261 219 2323 Oh.
244 2266 358 2341 143,1
391 2264 516 2341 audis,
546 2264 609 2324 sive
638 2262 752 2339 species
782 2282 873 2340 quam
900 2266 1013 2325 lanista
1040 2266 1114 2326 libe·

99 2352 202 2412 randis
225 2353 444 2428 gladiatoribus
467 2353 547 2430 gerit
570 2352 632 2412 sive
651 2352 809 2429 inperitus,
833 2352 961 2412 eundem
979 2356 1114 2414 nomina·

99 2441 198 2502 tirum
220 2442 344 2515 habent,
372 2442 445 2501 licet
472 2442 605 2502 diversos
629 2440 791 2517 ablatIvoS,
819 2459 936 2501 summa
963 2438 1058 2518 <rude
1082 2448 1113 2503 et
1126 2460 1152 2502 25

101 2526 240 2610 abhoc>
267 2530 343 2591 rudi.
380 2531 454 2590 item
476 2530 594 2588 Plinius
622 2529 726 2588 eodem
754 2529 831 2590 libro
854 2530 912 2608 VI,
941 2525 1113 2605 ‘ablativus

101 2618 139 2678 ab
162 2620 218 2678 hac
240 2620 316 2679 rude
340 2638 469 2697 summa,
494 2613 555 2698 (a)
576 2618 646 2676 rudi
667 2619 802 2697 homine,
824 2639 843 2677 a
865 2620 935 2679 rudi
958 2621 1072 2698 animo,
1095 2641 1114 2680 a

99 2708 169 2767 rudi
192 2709 324 2768 oonsilio.

162 2797 282 2875 Fragm.
305 2797 379 2859 Bob.
403 2797 582 2856 denomino
605 2787 705 2877 (KV
729 2799 803 2873 560,
823 2789 880 2878 30)
904 2844 910 2856 .
936 2846 942 2858 .
966 2846 972 2857 .
997 2799 1113 2859 Tiberis

101 2885 139 2944 ab
157 2885 214 2945 hoc
233 2886 343 2964 Tiberi,
363 2889 401 2963 et,
420 2888 456 2944 ut
475 2886 549 2944 dicit
567 2886 684 2945 Plinius
700 2885 855 2945 Secundus
873 2887 1009 2947 inlibris
1028 2888 1113 2947 dubii
1126 2923 1152 2963 30

101 2975 255 3052 sermonis,
278 2975 327 3033 hic
350 2976 421 3034 salis
446 2974 483 3032 ab
506 2975 563 3033 hoc
586 2975 650 3034 sali.

168 3061 221 3123 Oh.
242 3065 314 3142 143,
334 3065 352 3123 5
378 3064 563 3140 Salutare,
591 3064 708 3123 abhoc
732 3064 883 3143 Salutare,
908 3066 933 3125 si
955 3066 1044 3126 homo
1068 3065 1111 3124 sic

101 3156 239 3231 vocetur,
264 3153 403 3231 salutari,
427 3152 454 3212 si
476 3170 524 3211 res
548 3153 601 3231 sit,
624 3156 660 3212 ut
683 3156 729 3213 est
751 3155 1013 3214 medicamentum.

102 3257 316 3265 -Ψ-

174 3310 190 3357 9
209 3305 297 3378 rure]
316 3310 349 3358 16
369 3303 484 3374 certior,
503 3302 534 3357 in
552 3303 653 3374 signis:
673 3303 778 3359 delevit
795 3313 821 3360 et
838 3305 962 3361 Lindem.

149 3447 291 3573 1637rudi]
306 3445 418 3501 Bramb.
432 3465 459 3516 p.
475 3450 527 3498 160
537 3462 587 3514 sq,
606 3445 706 3502 Naum.
719 3464 749 3516 p.
759 3452 804 3500 it.
817 3478 851 3486 —
864 3452 883 3498 (t
894 3447 1134 3514 ruraxhrauin.

101 3535 129 3587 p.
203 3561 209 3574 .
