2460 3840
147 762 391 834 adnotationes
419 760 461 831 ad
488 760 604 936 Plini}
621 760 786 885 liliorum
815 759 909 830 dubii
937 760 1104 831 sermonis

539 885 577 937 re
592 885 713 956 rqv1as.

461 1068 510 1122 De
533 1066 656 1135 litteris
679 1055 722 1143 (p.
744 1056 786 1140 1).

189 1187 322 1247 Plinium
337 1187 373 1246 de
386 1187 497 1247 litteris
511 1187 724 1265 perquisivisse
739 1187 837 1246 fontes
847 1186 1033 1264 antiquiores
1045 1187 1133 1248 docet

122 1296 176 1337 nos
207 1275 344 1336 Historia
375 1277 440 1353 ipsa
472 1276 638 1337 Naturalis.
684 1275 826 1354 Legimus
859 1276 938 1334 enim
970 1275 1030 1335 VII
1054 1279 1132 1337 192:

123 1366 256 1425 Litteras
289 1384 406 1442 semper
438 1366 569 1425 arbitror
591 1365 735 1441 Assyrias
756 1365 864 1440 fuisse,
893 1365 944 1424 sed
971 1366 1025 1425 aiii
1052 1368 1133 1440 apud

123 1455 281 1530 Aegyptios
303 1474 323 1514 a
344 1456 503 1522 Mercurio,
527 1457 563 1513 ut
587 1453 712 1532 Gellius,
735 1455 788 1514 alii
810 1453 892 1530 apud
916 1453 1008 1530 Syros
1030 1473 1132 1531 reper-

43 1542 51 1562 ·
122 1547 170 1603 tas
193 1544 309 1604 volunt.
343 1543 449 1619 utique
472 1546 504 1603 in
528 1543 685 1604 Graeciam
707 1545 837 1603 adniisse
859 1561 878 1603 a
896 1542 1036 1602 Phoenice
1055 1543 1132 1603 Oud-

122 1651 202 1692 mnm
233 1634 354 1691 sedecim
385 1649 519 1699 nnmero,
552 1632 661 1709 quibus
690 1633 818 1692 Troiano
849 1633 919 1691 bede
946 1633 1133 1692 Palamedem

121 1723 260 1780 adiecisse
291 1724 425 1793 quadan
457 1721 512 1779 hae
544 1721 643 1799 figura
675 1720 796 1800 ζψφχ,
829 1721 942 1780 totidem
968 1725 1037 1795 nost
1067 1739 1133 1780 enm

122 1809 298 1869 Simonidem
320 1810 452 1868 medicam
474 1808 586 1882 νξωθ,
605 1829 735 1886 quarum
753 1809 887 1870 omnium
905 1809 952 1869 vis
969 1809 1002 1868 in
1019 1810 1132 1869 nostris

123 1897 357 1976 recognoscitur.
393 1900 426 1957 in
447 1898 570 1958 Latiam
594 1917 643 1958 eas
665 1901 823 1959 attulerant
843 1899 968 1972 Pelasgi.

189 1988 236 2046 Ex
255 1987 359 2046 eodem
378 2006 437 2064 quo
452 1986 569 2046 Plinius
583 1988 666 2047 fonte
680 1988 783 2047 hausit
796 1987 944 2046 Maximus
957 1986 1132 2047 Victorinus

122 2068 172 2157 (K.
191 2076 236 2134 VI
257 2068 415 2157 194,11):
448 2074 507 2145 Qui
529 2076 620 2152 primi
641 2077 814 2136 litterarum
843 2076 1013 2137 inventores
1039 2076 1133 2136 fuisse

123 2164 307 2225 traduntur?
343 2164 521 2243 Phoenices,
550 2165 688 2242 quamvis
716 2166 768 2225 aiii
794 2163 947 2241 Assyrios,
975 2164 1134 2224 611111161-

123 2256 237 2313 carinm
256 2255 336 2328 apud
353 2252 510 2330 Aepyptros
533 2255 685 2314 adserunt.
725 2257 757 2313 in
776 2252 932 2314 Graeciam
955 2256 1036 2313 certe
1056 2252 1133 2313 Oud-

120 2361 201 2403 mam
236 2343 405 2402 Phoenicem
440 2342 512 2401 XVI
547 2345 678 2403 attulisse
713 2345 832 2403 constat
860 2386 1005 2402 .....
1032 2341 1131 2419 iisque

122 2432 249 2491 liciam
279 2433 350 2491 bede
371 2431 556 2491 Palamedem
583 2433 729 2492 addidisse
750 2431 803 2509 IV,
821 2444 949 2510 ηψχφ,
975 2435 1044 2505 post
1066 2449 1132 2490 eam

120 2520 298 2580 Simonidem
324 2522 457 2580 medicam
484 2520 724 2596 161161616ζξωθ,
757 2519 814 2579 hae
842 2523 978 2595 auctore,
1005 2523 1042 2579 ut
1065 2520 1133 2597 qui·

123 2608 193 2667 dam
216 2609 336 2684 volunt,
359 2609 517 2686 Euandro,
539 2613 576 2668 ut
598 2610 665 2687 alii,
687 2608 818 2669 Hercule
841 2612 873 2669 in
894 2610 1018 2669 Italiam
1040 2627 1060 2668 a
1077 2609 1131 2668 Pe-

124 2699 214 2772 lasgis
232 2699 348 2757 adlatae
365 2703 439 2758 sant.
457 2729 494 2738 -
513 2698 650 2758 Tertium
663 2698 870 2758 testimonium
884 2700 931 2757 est
944 2696 1018 2756 Mar.
1027 2696 1131 2758 Victo-

121 2786 206 2845 1inus
230 2776 281 2865 (K.
299 2785 344 2844 VI
363 2778 434 2865 23),
462 2786 542 2863 quod
567 2786 615 2845 hic
638 2786 836 2846 transcribere
860 2786 1050 2864 supersedeo,
1078 2787 1132 2845 ubi

123 2873 253 2952 Cincius,
275 2874 396 2952 Fabius,
420 2874 536 2934 Gellius
559 2878 697 2935 auctores
720 2874 893 2934 laudantur.
937 2873 988 2934 Gn.
1013 2874 1130 2935 Gellius

124 2965 245 3040 saepius
269 2966 300 3023 et
322 2964 354 3022 in
376 2963 413 3024 N.
437 2962 475 3022 H.
499 2966 530 3023 et
551 2964 583 3022 in
605 2964 652 3024 his
675 2964 852 3042 fragmentis
878 2964 963 3024 nobis
991 2964 1131 3042 occurrit,

124 3057 161 3113 61
182 3053 220 3115 N.
239 3053 276 3112 H.
295 3052 356 3111 VH
375 3054 447 3130 194,
469 3054 541 3130 197,
563 3055 635 3131 198,
657 3053 705 3112 ΙΠ
725 3054 796 3130 108,
820 3053 852 3110 in
874 3052 959 3112 libris
982 3071 1131 3130 gramma-

120 3142 189 3202 ticis
209 3141 291 3218 apud
309 3140 360 3201 ah.
381 3143 422 3202 54
442 3133 576 3223 (crebro)
596 3145 628 3202 et
647 3144 687 3202 55
708 3145 739 3201 61
760 3144 808 3201 71.
842 3140 995 3218 Quidquid
1013 3141 1130 3202 Plinius

121 3250 137 3290 e
155 3230 300 3290 Varronis
323 3231 408 3290 libris
432 3232 586 3309 excerpsit,
607 3230 739 3308 quaeda
762 3231 935 3291 inventione
958 3230 1131 3290 litterarum

119 3320 216 3378 tradit
237 3338 311 3378 snae
335 3319 488 3380 doctrinae
507 3321 593 3396 copia
611 3320 696 3380 auxit
715 3311 767 3401 (cf.
783 3338 806 3379 6.
822 3339 849 3397 g.
864 3319 955 3379 Prisc.
979 3321 1008 3397 8,
1025 3321 1053 3394 2,
1077 3321 1131 3396 qui

106 3400 243 3463 Varrone
262 3411 392 3468 anctore
410 3408 589 3471 inventores
603 3407 771 3471 Chaldaeos
782 3409 876 3468 tuisse
893 3401 1129 3490 commemorat).
