2460 3826
370 151 412 206 De
431 150 561 220 genetivo
582 149 719 221 singulari
737 149 832 205 dubio.
1080 150 1102 214 5

92 305 165 361 citus
187 304 250 361 solo
271 303 386 362 cortou
409 304 522 378 turbem
547 319 636 378 quem
653 301 737 360 Maro
756 300 816 359 VH
837 301 990 360 turbinem
1012 304 1103 361 vocat

93 396 184 450 tortus
211 393 263 450 sub
290 393 405 451 cotue
431 393 514 450 turbo
546 393 576 449 ct
603 390 647 449 ita
677 392 789 466 putant
816 389 876 448 dici
903 389 1021 468 debere,
1052 390 1101 449 hic

91 480 194 557 turbo,
218 480 290 557 quia
313 483 344 538 et
365 479 455 538 homo
479 481 510 538 et
531 481 697 555 tempestas
720 481 750 538 et
772 478 886 536 buxum
907 479 1011 537 ecdem
1033 497 1101 555 pos-

92 569 153 628 sint
174 570 360 629 nominativo
384 567 542 643 perhiberi.

158 657 209 717 (lh.
227 660 329 731 145‚3
350 652 538 715 ‘Tanaidis
552 656 649 715 Varro
664 656 883 733 antiquitatum
900 655 1101 714 humanarum
1128 667 1140 708 5

90 747 177 824 XHI,
195 766 255 805 non
274 747 365 805 huius
385 745 495 804 Tanais
513 749 550 805 ut
569 739 697 804 Tiberis'
716 746 817 821 inquit
834 745 951 803 Plinius
967 735 1034 824 (ch.
1050 747 1101 821 89,

91 839 146 912 243
172 839 244 914 130,
261 839 303 895 7.

158 924 210 983 Oh.
227 828 335 1002 89‚)24
356 923 504 999 Sarapis
518 923 672 1000 Sarapidis
686 925 794 983 volunt
808 922 998 1001 grammatici
1012 941 1101 999 gene·

90 1015 154 1074 tivo
179 1031 252 1072 casu
274 1012 346 1089 dici,
368 1031 428 1071 non
453 1012 582 1089 Sarapis
607 1012 679 1089 quia
703 1013 803 1071 omnia
824 1012 946 1071 nomina
970 1009 1101 1070 Graecae

89 1102 205 1180 figurae
228 1105 255 1161 is
276 1101 439 1160 terminata
464 1102 497 1160 in
520 1102 659 1179 genetivo
688 1101 806 1179 syllaba
829 1119 959 1160 crescere
983 1100 1101 1177 debent,
1116 1111 1141 1151 1⁰

89 1194 126 1250 ut
144 1190 202 1249 Iris
219 1190 317 1266 Iridis,
339 1189 396 1249 Isis
414 1190 511 1267 Isidis,
535 1191 663 1268 Hymnis
681 1189 851 1267 Hymnidis,
871 1189 956 1248 Paris
975 1189 1101 1250 Paridis.

91 1279 144 1338 sed
167 1297 235 1337 cum
258 1283 289 1338 et
310 1279 418 1338 Iratine
441 1279 586 1339 declinari
603 1279 728 1357 possint,
751 1298 811 1337 non
830 1280 877 1336 est
894 1296 1013 1337 neeesse
1033 1297 1101 1337 con-

92 1367 282 1427 suetudinem
300 1368 416 1427 ratione
430 1369 602 1445 reformare,
621 1368 799 1444 praesertim
817 1385 885 1426 eum
904 1366 984 1425 adsit
998 1370 1101 1426 auoto-

90 1457 173 1516 ritas.
210 1476 280 1516 nam
309 1461 340 1517 et
361 1456 459 1516 Varro
483 1459 520 1517 de
542 1457 608 1517 vita
631 1475 686 1515 sua
708 1476 768 1515 non
791 1457 910 1514 tantum
933 1456 1023 1515 huius
1046 1455 1101 1515 Su-

90 1549 174 1620 ropls
197 1546 358 1605 declinavit
381 1547 432 1605 sed
457 1549 487 1605 et
509 1548 583 1613 Isis,
607 1546 688 1622 quod
710 1546 802 1621 paulo
826 1544 1008 1603 cst'durius.
1049 1544 1102 1602 sed
1115 1555 1141 1596 15

90 1630 165 1713 <et>
180 1635 334 1712 Vergilius
344 1636 421 1694 Irim
431 1635 505 1694 dicit
519 1637 549 1693 et
558 1635 660 1693 Parim
676 1636 707 1693 et
717 1625 962 1715 Ttorlm(145,3;
979 1625 1101 1714 130,7).

158 1723 210 1783 (lh.
228 1725 299 1800 124,
316 1725 334 1784 5
350 1723 491 1782 Belidis
507 1723 602 1782 Cinna
615 1723 647 1781 in
659 1723 869 1799 Propemptico
883 1722 1035 1782 Policnis.
1051 1769 1056 1780 .
1073 1769 1079 1781 .
1095 1769 1101 1781 .

90 1814 296 1889 patronymico
325 1812 402 1871 dixit
427 1812 554 1889 Belidis,
582 1815 618 1872 ut
645 1812 737 1872 urbis.
778 1815 811 1871 at
837 1831 908 1872 vero
936 1812 1020 1871 Maro
1043 1812 1102 1870 Bc-

92 1902 168 1960 lidae
191 1902 359 1960 Palamedis
382 1901 433 1959 ait.

158 1987 209 2048 Oh.
232 1991 360 2067 132,17
381 1983 546 2048 ‘Herculi
562 2009 618 2066 pro
632 1990 772 2049 Herculis
792 1993 823 2049 et
836 1988 919 2048 Ulixi
936 2009 991 2065 pro
1010 1989 1101 2048 huius
1115 2003 1142 2043 so

91 2076 190 2136 Ulixis
218 2078 277 2137 dici
305 2081 446 2154 coeptum
469 2072 526 2138 est'
554 2079 655 2156 inquit
676 2079 794 2138 Plinius
822 2079 925 2137 eodem
949 2078 1026 2137 libro
1049 2077 1102 2156 VI,

92 2161 247 2243 ‘quoniam
274 2160 392 2244 regula'
418 2168 519 2245 inquit
546 2161 624 2245 ‘illa,
655 2169 681 2226 si
708 2168 849 2245 genetivo
878 2167 1025 2243 singulari
1048 2188 1103 2238 ους

91 2256 203 2315 litteris
225 2256 347 2315 nomina
369 2256 514 2315 finientur
537 2255 663 2333 Graeca,
686 2258 772 2317 velut
793 2263 846 2315 τοῦ
869 2252 1026 2332 Εὐμένους
1041 2262 1102 2315 ’τοῦ

91 2342 265 2425 Διογένους,
287 2348 405 2406 nostros
430 2365 550 2423 quoquc
573 2346 664 2404 huius
682 2345 827 2404 Eumenis
849 2344 940 2403 huius
958 2344 1102 2421 Diogenis

92 2437 213 2511 oportet
233 2429 394 2511 proferre'3
422 2438 455 2494 at
476 2435 503 2493 si
525 2442 577 2493 τοῦ
600 2431 770 2513 Εὐριπίδου
793 2440 846 2493 τοῦ
869 2432 1002 2512 Χρύσου,
1030 2435 1103 2492 tunc
1117 2446 1143 2487 ss

93 2523 214 2581 demum
236 2526 354 2583 nostros
376 2542 392 2583 s
415 2523 592 2583 subtrahere
616 2523 731 2582 debere.
776 2523 879 2598 itaque
902 2521 993 2580 huius
1015 2522 1104 2580 Euri-

92 2611 156 2686 pidi
175 2610 282 2686 Chrysi
300 2612 408 2670 debere
427 2613 550 2688 censeri,
568 2616 604 2671 ut
621 2614 707 2686 fortis
724 2609 832 2671 Achati
849 2614 880 2670 et
899 2613 978 2670 cerm
996 2610 1103 2670 Oronti.

94 2699 146 2759 sed
173 2701 290 2776 nostra,
316 2701 429 2779 inquit,
458 2704 543 2760 aetas
571 2701 603 2759 in
630 2703 729 2760 totum
756 2701 847 2760 istam
874 2700 1105 2760 declinationem

94 2787 234 2849 abolevit.
280 2788 406 2849 Achillis
435 2790 514 2848 enim
541 2790 643 2865 potius
671 2792 701 2848 et
724 2789 863 2849 Herculis
891 2793 921 2848 ct
948 2791 995 2849 his
1017 2791 1105 2866 paria

93 2897 147 2953 per
169 2896 184 2936 s
208 2875 342 2935 dicimus.
1118 2887 1147 2928 ro

160 2966 212 3025 (lh.
239 2967 376 3036 136,13
405 2966 486 3040 Lar,
519 2966 546 3025 si
573 2966 732 3026 familiaris
757 2967 827 3044 erit,
849 2968 990 3045 genetivo
1017 2966 1105 3025 Laris

79 3055 196 3130 faciet,
221 3055 247 3114 si
270 3055 411 3113 Tolumni
432 3054 619 3134 Porsennae,
642 3055 751 3114 Lartis.

96 3250 127 3269 =
144 3223 192 3280 ch.
208 3229 251 3294 cr,
267 3230 314 3292 rc,
336 3224 361 3278 Κ
384 3223 423 3278 IV
442 3229 503 3291 aro,
518 3228 560 3292 30,
584 3223 632 3279 ch.
648 3228 707 3291 145,
722 3230 738 3279 s
756 3224 870 3289 turben
894 3223 980 3278 Prisc.
995 3228 1056 3291 cor,
1071 3229 1105 3278 rs

96 3321 129 3341 =
145 3294 219 3352 Serv.
234 3297 271 3350 cd
285 3299 354 3350 Aen.
369 3296 382 3348 Ι
395 3299 430 3349 83
450 3294 512 3363 (VII
526 3297 597 3365 378).
632 3294 847 3365 Descripserunt
863 3294 935 3348 haec
953 3295 1107 3349 Palaemon

96 3365 141 3435 (cf.
161 3365 210 3421 Oh.
230 3373 272 3437 64,
287 3369 331 3436 26)
345 3369 375 3422 et
388 3367 531 3421 Romanus
546 3365 694 3436 (hocloco)
709 3382 742 3419 ex
756 3365 842 3420 Plinii
860 3364 947 3421 libris.
963 3399 997 3406 -
1013 3373 1028 3421 5
1043 3365 1106 3419 Ta-

94 3435 222 3509 naidis]
245 3438 280 3495 cl.
301 3438 349 3495 ch.
369 3443 412 3508 89,
427 3443 474 3505 24;
495 3441 554 3504 132,
569 3441 611 3493 31.
637 3469 667 3477 -
693 3442 727 3491 20
746 3436 897 3508 Herculi]
922 3437 956 3494 cf.
981 3436 1107 3502 Quinti

95 3512 125 3577 5,
140 3512 174 3562 63
196 3508 258 3563 loco
276 3509 407 3564 Pliniano
431 3512 460 3563 et
477 3507 563 3562 Prisc.
583 3512 705 3578 24c,1c.
729 3540 764 3549 -
792 3513 828 3561 31
844 3507 931 3575 liant
943 3509 1055 3569 Pstis,
1067 3507 1122 3553 Rus
