2460 3840
120 155 162 218 62
367 154 409 208 De
428 152 521 209 dubiis
539 150 689 223 generibus
708 156 737 207 et
754 152 885 209 numeris.

185 305 262 364 Non.
279 308 341 365 198
362 303 460 364 Oinis
479 303 645 363 masculino
664 303 818 380 Vergilius
836 304 868 362 in
886 303 1038 364 Bucolicis
1057 308 1131 366 cinis

118 397 187 468 tusc.
211 397 316 454 bonam
334 397 371 455 sit
389 397 420 453 et
439 392 653 468 Georgicorum
671 392 754 451 lib.I
775 410 844 452 neec
863 391 867 466 Ι
889 394 984 465 effetos
1006 396 1130 454 ctccrem

117 485 291 543 monendum
312 486 423 543 iactare
438 500 495 556 per
518 499 613 556 aoros.
648 481 792 541 feminino
815 482 896 558 apud
916 480 1076 542 Caesarem
1099 488 1131 544 et

119 570 273 632 Catullum
297 575 328 632 et
351 570 478 633 Calvum
500 571 615 629 lectum
637 572 695 647 est,
723 590 852 648 quorum
878 570 1003 631 vacillat
1026 574 1130 633 aucto·

91 658 235 721 eritas**
260 708 265 720 .
287 708 293 720 .
313 707 319 719 .
343 678 408 720 cam
429 663 491 719 iem
512 661 596 733 falsa
619 662 692 719 cinis
714 661 815 731 sacrm

185 751 221 809 Κ.
236 750 264 807 V
280 751 352 827 575,
368 751 387 809 8
412 746 585 807 Clibanus
609 748 727 825 generis
749 748 916 826 masculini,
935 751 971 808 ut
987 749 1129 810 Melissus

118 839 213 899 docet.

185 926 394 1003 0h.100,16
427 924 548 986 Cliens
575 926 741 985 eommunis
768 920 931 1006 (generis)
958 929 1017 1004 est;
1045 928 1129 990 inve·

116 1017 216 1076 nimus
235 1019 337 1074 tamen
357 1017 388 1074 et
405 1014 547 1073 clientem
566 1015 647 1090 apud
661 1014 822 1074 Afranium
840 1015 872 1073 in
885 1016 999 1092 Pompa
1012 1019 1129 1078 tulerim

78 1126 103 1166 ιο
117 1111 168 1164 tea
191 1106 295 1164 clienta
314 1106 345 1162 et
363 1104 444 1180 apud
461 1102 623 1163 Horatium
641 1122 693 1164 sec
710 1105 876 1165 Laconicas
892 1105 964 1165 mibi
984 1103 988 1179 Ι
1009 1107 1129 1166 habunt

115 1195 248 1253 honestae
263 1211 419 1269 mperes
441 1194 568 1252 clc'crstac.

184 1281 234 1341 Oh.
253 1285 303 1360 77,
319 1283 360 1341 14
380 1280 530 1358 Clipeos
548 1282 714 1341 masculino
733 1301 841 1360 genere
860 1283 892 1341 in
906 1281 1127 1360 significatione

117 1372 195 1432 souti
217 1371 350 1450 ponitur,
373 1375 408 1430 ut
426 1371 577 1430 Labienus
598 1371 651 1448 ait,
674 1374 782 1430 neutro
802 1375 906 1431 autem
924 1390 1033 1449 genere
1052 1372 1128 1432 ima·

116 1462 218 1540 ginem
237 1460 395 1538 signifieat.
433 1460 485 1519 sed
503 1460 627 1519 Asinius
644 1480 700 1536 pro
714 1459 858 1521 Urbiniae
876 1460 1037 1520 heredibus
1053 1461 1128 1520 ime-

190 1646 378 1718 ltclipeus]
386 1647 545 1716 corruptela
554 1646 738 1702 estinverbis
746 1649 783 1718 (p.
791 1649 1002 1720 62,14):ma9ac'
1010 1649 1127 1718 clipeum

115 1719 150 1773 N.
182 1718 291 1773 Keilius
309 1717 381 1789 legit
400 1734 465 1771 cum
483 1719 526 1774 ed.
544 1718 632 1787 princ.
651 1716 740 1789 Neap.
759 1721 890 1792 imcyioie
907 1721 1031 1789 elipeum.

115 1878 223 1949 prodit,
247 1877 296 1947 qui
318 1894 451 1948 magnam
473 1878 584 1948 copiam
608 1877 747 1934 eiusmodi
764 1879 913 1934 verborum
930 1877 961 1932 in
979 1879 1126 1935 Naturalis

114 1949 249 2005 historiae
263 1948 350 2004 libros
364 1948 521 2004 introduxit
534 1950 580 2021 (cf.
589 1950 733 2019 bifidatus,
747 1949 938 2018 umbilicatus‚
951 1949 1126 2021 thoracatus,

115 2021 305 2088 vertebratus‚
333 2023 405 2090 cet).
432 2053 468 2061 —
497 2021 632 2094 lcinis]
660 2022 695 2077 cf.
720 2027 779 2091 101,
799 2026 829 2077 8:
863 2021 975 2077 Verrius
1002 2020 1126 2079 Flaccus

114 2095 265 2150 masculino
287 2109 381 2164 qaaere
408 2093 464 2147 dict
486 2094 600 2162 prohat,
628 2096 757 2164 muciam
781 2094 955 2165 bissyllaba
977 2096 1126 2150 seminata

114 2168 209 2220 anima
228 2167 351 2220 carentia
371 2165 540 2220 nominativo
562 2166 700 2235 maculari
718 2166 872 2220 masculina
893 2170 972 2232 eunt,
993 2170 1026 2219 ct
1038 2167 1126 2234 panis

114 2239 185 2291 ciale
207 2237 293 2291 crime
315 2243 341 2290 ct
357 2234 480 2290 similia*
503 2237 576 2305 quod
598 2236 732 2303 feminiae
753 2253 846 2306 cenare
868 2237 944 2291 dicit
960 2237 1075 2291 narrem
1093 2243 1126 2292 nt

116 2308 216 2362 Galeas
234 2308 264 2361 in
282 2308 449 2362 carminibus
467 2307 540 2362 ‘eccm
552 2309 608 2361 ium
621 2308 701 2374 falsa
714 2309 784 2362 siais
796 2307 898 2374 faero',
914 2309 979 2362 item
994 2307 1125 2374 ‘forsitan

113 2380 162 2433 boc
179 2380 262 2433 ctiam
278 2380 399 2448 caudent
415 2379 478 2447 abac
495 2379 588 2433 etnie’.
625 2380 689 2433 binc
706 2379 835 2434 muliebre
852 2379 1034 2433 ministerium
1051 2379 1124 2433 cine·

113 2451 208 2504 rarius
221 2450 331 2504 dicitu.
358 2467 425 2505 anm
440 2448 507 2504 Cato
519 2450 552 2503 io
565 2450 719 2520 octyinibas
734 2450 880 2504 ‘mulieres'
896 2451 908 2503 i
964 2449 988 2504 it
1003 2449 1124 2504 ‘ceurae

113 2521 246 2590 capillum
264 2521 352 2575 cicae
369 2521 564 2591 wnyattahaet,
586 2527 619 2574 ut
641 2522 743 2575 rutilus
760 2520 848 2575 cesct'.
883 2519 920 2573 Vi
941 2536 1018 2574 emus
1038 2535 1124 2587 quam

114 2594 174 2645 arte
194 2590 363 2645 cohaereant
380 2590 411 2644 hi
429 2590 496 2659 loci,
516 2607 634 2658 quorum
653 2593 770 2658 uterque
802 2589 920 2645 diversis
937 2589 1088 2646 itineribus
1107 2607 1123 2646 e

112 2661 199 2716 Plinii
217 2677 300 2731 opere
320 2662 357 2715 ad
376 2677 440 2716 suos
459 2665 587 2716 auctores
606 2661 742 2732 pervenit.
754 2666 814 2715 —8
833 2661 955 2735 eliens]
973 2662 1052 2717 locus
1065 2662 1123 2717 Pli-

112 2732 214 2787 nianus
232 2734 347 2802 propter
365 2748 413 2787 eos
432 2730 481 2800 qui
499 2736 654 2801 sequuntur
668 2732 813 2789 iudaeae
826 2735 954 2788 auctores
968 2732 1123 2789 Plinianos.

113 2835 147 2845 -
169 2809 200 2857 12
220 2802 366 2875 clipeus]
389 2803 529 2858 Labienus
549 2803 594 2874 (cf.
613 2803 704 2859 Diem.
724 2809 820 2874 376,8
840 2807 868 2859 et
886 2802 938 2858 Die
958 2803 1075 2869 Quellen
1093 2804 1124 2859 in

113 2875 168 2930 den
189 2890 306 2945 gramm.
325 2875 357 2928 B.
381 2892 407 2928 u.
423 2892 443 2928 s.
458 2893 492 2928 w.
515 2893 543 2944 p.
563 2879 626 2945 508)
650 2878 679 2929 et
700 2875 815 2929 Asinius
837 2875 927 2930 Pollio
949 2874 1035 2930 Plinii
1058 2879 1124 2930 sunt

112 2948 250 3002 auctores.
268 2945 373 3000 Verum
392 2947 435 2999 est
452 2945 576 2999 Plinium
597 2946 628 2999 in
645 2945 680 3002 N.
695 2948 728 3002 H.
748 2951 783 3000 35
803 2951 818 3011 ξ
838 2951 871 3000 13
891 2946 1030 3016 sprevisse
1047 2947 1122 3001 hanc

112 3015 312 3087 etymologiam
336 3017 365 3070 ‘a
387 3015 532 3085 cluendo'3
561 3034 615 3085 quo
638 3017 811 3072 factumest
834 3019 866 3071 ut
888 3016 959 3072 haec
987 3033 1004 3071 a
1029 3017 1122 3073 Plinio

113 3086 345 3145 abiudicaverint.
382 3086 481 3156 Neque
504 3090 599 3142 tamen
616 3088 752 3159 intellego
772 3089 912 3157 quomodo
931 3088 977 3143 hie
994 3088 1073 3143 locus
1093 3092 1122 3145 et

113 3161 197 3231 alter,
218 3175 302 3227 quem
320 3158 350 3212 in
364 3159 398 3215 N.
413 3159 448 3212 H.
467 3157 633 3228 invenimus,
652 3159 786 3215 contrarii
805 3158 869 3215 sint.
898 3159 1007 3214 Plinius
1020 3159 1122 3216 laudat

114 3229 284 3286 sententiam
307 3230 353 3285 vel
375 3229 563 3284 differentiam
585 3231 732 3301 vulgarem
750 3247 768 3286 a
786 3229 978 3299 grammaticis
1021 3246 1122 3286 renun-

111 3302 213 3356 tiatam
231 3303 298 3371 (dici
316 3304 358 3358 ait
375 3318 431 3355 non
450 3300 519 3355 ‘dici
538 3303 651 3357 debere'
672 3302 720 3357 ch.
734 3308 792 3373 120,
804 3307 832 3369 ὃς
849 3306 908 3369 119,
919 3304 945 3370 5)
964 3249 1081 3356 iulium
1095 3303 1122 3358 II

112 3374 176 3428 dub.
189 3373 333 3442 sermonis,
348 3389 433 3442 quam
446 3372 476 3426 in
486 3372 520 3428 N.
531 3373 564 3429 H.
579 3373 692 3442 refellit,
712 3377 848 3443 quantum
867 3387 901 3426 ex
915 3373 1014 3442 paucis
1028 3373 1121 3428 verbis

112 3444 238 3570 conicere
257 3443 337 3500 licet:
357 3464 375 3500 c
393 3445 517 3512 cluendo,
536 3453 568 3501 ct
582 3463 711 3516 perversa
728 3445 967 3518 yrammaticorum
984 3446 1123 3501 mbtilr'tae

109 3517 203 3571 nouit.
