2460 3840
323 151 364 206 De
383 151 475 206 dubiis
494 151 643 222 generibus
664 155 692 220 99
710 151 841 206 numeris.
1043 152 1085 216 61

77 305 190 378 forrato
217 304 293 362 calco
320 305 433 377 fotiqat.
470 303 512 362 sio
540 306 571 362 et
593 303 728 362 Lucilius
751 304 784 361 in
805 303 896 363 XIIII
919 305 1085 364 masculino

77 411 186 470 genere
210 391 287 451 dixit
310 383 402 472 (Non.
428 394 500 469 199,
522 392 559 454 K.
578 392 606 448 V
626 385 714 472 574).

141 481 178 540 Κ.
196 482 225 539 V
249 483 313 541 574
342 480 512 540 Geminus
540 482 659 559 generis
681 481 853 556 masculini,
884 482 963 541 sicut
989 481 1087 542 Pollio

76 572 207 631 Asinius.

143 659 194 719 Oh.
215 661 266 734 57,
286 650 362 740 4(?)
391 657 539 718 Oanitia
567 678 605 717 an
633 661 752 719 99999999
779 659 905 718 dicenda
932 659 973 719 sit
996 678 1086 736 quae·
1115 673 1128 714 5

76 749 162 808 nitur.
204 749 316 808 canitia
343 766 397 807 nec
424 748 679 808 inrationabiliter
705 767 759 808 nec
788 747 946 808 abhorride
970 748 1089 825 dicitur,

78 842 109 897 et
126 839 194 897 ideo
213 838 273 897 n'on
293 840 339 896 999
352 831 434 915 <99>
452 837 593 914 analogia
611 837 819 896 recedendum.
844 837 969 896 canities
988 838 1090 896 autem

76 928 195 1004 poetico
209 927 315 986 decore
334 926 364 984 in
383 926 541 987 levitatem
559 925 626 985 soni
644 930 795 1003 corrupta.
818 929 865 985 999
879 946 969 1002 porro
982 944 1090 1002 prosae

80 1017 210 1076 orationi
231 1015 307 1098 πεζῷ
330 1014 421 1099 λόγῳ,
444 1016 494 1075 cui
516 1016 635 1091 poetica
657 1015 788 1075 mollitia
810 1035 919 1092 parum
942 1015 1089 1077 convenit.

144 1104 196 1165 Ch.
222 1108 271 1182 79,
297 1107 337 1163 23
372 1103 524 1164 Gatinus
557 1105 725 1163 masculino
758 1124 867 1182 genere
899 1104 1023 1181 dicitur,
1054 1107 1131 1164 ut1o

80 1194 237 1253 Maecenas
260 1195 290 1252 in
310 1195 338 1253 X
355 1197 506 1270 inporilun,
530 1193 582 1269 ait,
605 1197 726 1267 famous
748 1194 841 1253 calido
860 1212 925 1254 cum
942 1196 1024 1268 forre
1042 1211 1091 1253 co-

82 1285 168 1343 99999.
205 1287 237 1343 99
258 1283 328 1342 hinc
350 1283 536 1343 deminutive
560 1283 683 1342 catillus
705 1281 753 1359 fit,
780 1285 817 1341 ut
839 1281 963 1342 Asinius
987 1285 1092 1344 contra

80 1371 241 1431 maledicta
263 1371 391 1432 Antonii
412 1373 587 1445 voltumque
608 1373 680 1431 urbe
702 1375 761 1430 toto
789 1372 886 1431 catilli.
925 1371 977 1430 sed
995 1371 1092 1430 Varro

80 1460 118 1519 ad
146 1459 318 1520 Ciceronem
347 1462 389 1520 XI
421 1462 542 1521 99999999
568 1460 658 1536 dixit,
690 1479 750 1519 non
777 1460 873 1519 catilli
901 1450 951 1541 (K.
971 1461 997 1516 V
1018 1461 1092 1536 575,

78 1549 154 1609 Non.
175 1543 265 1629 546).
1103 1561 1129 1600 ns

143 1637 350 1716 0h.103,12
380 1637 574 1715 Capparim
597 1639 741 1698 feminino
765 1656 874 1716 genere
897 1637 974 1697 dixit
996 1636 1093 1697 Varro

80 1727 117 1786 de
140 1728 238 1787 forma
259 1728 469 1804 philosophiae
493 1729 531 1790 ΙΙ.
565 1728 624 1787 erIt
647 1746 718 1806 ergo
741 1728 815 1786 haec
839 1727 977 1804 capparis
999 1727 1094 1786 nomi-

80 1817 194 1877 nativo.
230 1835 301 1875 nam
324 1820 355 1876 99
378 1817 490 1877 Graece
513 1818 655 1876 feminine
679 1817 791 1876 dicitur
813 1811 832 1893 ἡ
856 1815 1013 1896 κάππαρις.

148 1903 200 1964 Oh.
221 1909 276 1981 79,
298 1908 337 1966 15
368 1904 503 1966 Caseus
532 1906 692 1965 masculini
720 1906 837 1984 generis
867 1909 924 1983 est,
956 1908 993 1964 nt
1020 1906 1094 1965 Ver·

84 1993 177 2071 gilius
194 1996 317 2069 9999999
339 2000 365 2055 ct
387 1999 521 2070 iuyroloe
537 2001 720 2070 premeretur
743 2013 844 2055 caseus
865 1997 934 2055 9959·
957 1998 987 2054 99
1005 1994 1094 2054 Luci·
1108 2006 1135 2047 ²0

82 2082 141 2141 lius
165 2083 257 2142 XIIII
284 2101 385 2144 999999
412 2086 474 2145 alio
500 2087 599 2145 moloc.
636 2085 688 2143 sed
711 2084 894 2160 Pomponius
916 2084 1097 2143 neutraliter

83 2171 159 2231 dixit
181 2173 213 2230 in
235 2172 356 2233 Lenone
379 2192 495 2234 eoseum
516 2175 600 2234 molle
623 2165 714 2256 (Non.
736 2176 809 2250 200,
831 2172 867 2231 K.
887 2172 915 2229 V
935 2175 1008 2250 576,
1030 2165 1094 2254 10).

149 2260 200 2322 Oh.
222 2264 294 2341 102,
316 2266 332 2320 1
359 2262 505 2323 Cilones
529 2264 671 2322 dicuntur
694 2281 824 2339 quorum
843 2261 944 2338 capita
966 2260 1097 2339 oblonga

83 2353 113 2409 et
142 2370 302 2428 conpressa
329 2356 413 2430 sunt,
442 2352 576 2412 chilones
603 2355 706 2411 autem
733 2369 802 2409 oum
830 2350 1032 2427 adspiratione
1060 2369 1097 2409 ex

83 2436 196 2499 Graeco
229 2459 248 2499 a
279 2441 373 2501 labris
404 2441 640 2518 inprobioribus,
674 2459 751 2518 quae
783 2439 831 2498 illi
863 2442 973 2500 vocant
1003 2438 1095 2518 χείλη,
1110 2447 1137 2489 2⁵

83 2528 163 2587 unde
186 2532 218 2588 et
239 2529 337 2605 pisces
361 2531 493 2590 chilones
515 2529 672 2607 inprobins
695 2528 814 2589 labrati.

154 2719 170 2767 5
189 2715 337 2788 canitia]
357 2721 373 2770 8
392 2723 517 2788 correpta
534 2715 562 2770 N
580 2749 615 2757 -
634 2734 696 2772 oum
709 2718 820 2788 poetica
837 2715 872 2771 N.

153 2880 170 2927 3
185 2874 351 2957 caminus]
365 2874 452 2929 Plinii
465 2879 509 2930 999
522 2880 637 2947 propter
650 2875 843 2931 testimonium
852 2874 944 2929 Asinii
952 2874 1097 2944 Pollionis,

84 2945 207 3000 auctoris
221 2943 352 3014 Pliniam,
371 2945 402 3000 in
420 2963 452 3002 eo
471 2947 637 3019 fragmento,
657 2948 733 3017 quod
752 2947 810 3002 fero
828 2949 920 3001 totum
937 2946 1028 3001 Plinio
1046 2948 1098 3003 tri-

84 3016 228 3071 buendum
246 3019 298 3072 ost.
316 3049 352 3057 —
370 3023 386 3071 5
406 3017 550 3091 canitia]
574 3020 644 3074 Plin.
664 3038 691 3074 n.
710 3019 738 3073 h.
758 3024 806 3088 31,
821 3024 854 3072 91
880 3016 1019 3087 ‘canitia’,
1043 3037 1097 3088 quo

83 3089 222 3144 vocabulo
245 3104 326 3142 nemo
350 3092 463 3159 praeter
488 3106 552 3144 eum
574 3091 673 3145 utitur.
710 3090 756 3162 (of.
774 3089 954 3157 Thielmann,
979 3088 1025 3143 die
1047 3090 1098 3144 lat.

87 3146 184 3215 Ilbers.
200 3161 249 3214 des
263 3160 372 3214 Buches
387 3160 493 3230 Sirach,
508 3162 611 3216 Archiv
623 3163 689 3216 VIII
703 3167 720 3215 4
733 3181 760 3231 p.
771 3164 842 3230 513.)
855 3192 891 3200 -
905 3164 939 3213 23
955 3159 1098 3234 cilones]

82 3229 116 3284 cf.
134 3230 234 3286 Festus
252 3250 279 3302 p.
294 3237 337 3302 43,
353 3232 445 3288 mn:
464 3233 534 3287 otilo
552 3235 655 3289 dicitur
672 3239 845 3305 oopnoowato
863 3250 881 3286 a
898 3233 1100 3308 9999999999

83 3302 230 3358 labrorum.
272 3305 324 3359 cilo
351 3306 410 3359 siue
432 3306 615 3374 9999999999,
642 3309 688 3361 coa
710 3307 788 3374 fiores
815 3310 853 3360 cst
877 3307 1046 3364 emineat²or
1067 3324 1101 3362 uc

83 3373 185 3428 dextra
201 3376 368 3446 9999999999
385 3377 471 3431 ueluti
488 3378 575 3431 recisa
592 3378 707 3433 9999999,
740 3377 866 3445 Apparet
884 3376 955 3432 haec
974 3395 989 3432 9
1007 3377 1101 3434 Verrii

85 3458 169 3512 opere
183 3460 243 3499 9999
258 3450 378 3517 sumpta.
399 3446 470 3500 Mihi
483 3447 700 3502 tamenridetnr
709 3448 795 3502 Plinii
804 3463 907 3500 manns
918 3447 1117 3500 hausissem

84 3514 251 3584 mutavisse,
277 3517 345 3584 quia
367 3518 441 3575 illud
465 3517 640 3576 ε9999999991ἱ
666 3518 799 3574 maxime
816 3515 959 3569 Phrixum
977 3515 1144 3562 assumens.
