2460 3840
411 154 624 210 Adnotationes.
660 154 701 209 De
719 154 832 210 litteris.
869 167 872 177 ·
1079 154 1122 219 83

110 307 233 384 Itaque,
257 307 283 365 si
305 306 336 364 in
363 305 449 365 libris
479 305 563 365 dubii
592 305 737 365 sermonis
764 305 862 364 multa
890 324 926 364 ex
948 304 1000 366 On.
1025 305 1123 366 Gellio

111 416 180 455 eum
203 395 339 455 hausisse
363 398 503 471 apertum
526 397 584 471 est,
608 395 644 453 de
671 394 783 454 litteris
806 413 875 452 eum
903 395 1007 454 eodem
1030 413 1122 454 usum

111 503 174 545 esse
194 487 317 544 auctore
336 485 409 543 satis
429 483 570 543 credibile
585 487 640 542 est.
673 483 699 540 Ε
714 482 807 541 Plinii
821 483 906 542 libris
921 513 965 524 -
979 503 1033 559 per
1047 502 1122 560 quos

110 575 227 632 factum
249 573 289 633 sit
311 573 486 649 ignoramus
505 604 547 614 -
566 571 704 647 pervenit
731 571 805 631 haec
831 572 1061 631 narratiuncula
1082 573 1121 631 ad

110 663 282 724 Victorinos
297 665 328 721 et
341 661 496 721 Audacem
510 653 561 743 (K.
571 660 631 719 VH
643 655 730 738 325).
762 660 828 719 Iam
846 679 900 737 per
914 680 950 720 ea
963 661 1030 738 ipsa
1044 679 1121 738 quae

110 754 272 811 narrantur
294 751 359 811 veri
382 751 479 810 simile
503 752 549 809 est
571 750 648 809 hanc
665 749 834 809 doctrinam
852 768 911 808 non
931 768 967 808 ex
985 749 1121 809 fontibus

110 841 213 901 latinis
232 839 285 899 sed
304 859 340 898 ex
357 839 473 917 graecis
492 837 612 898 fluxisse
632 831 788 918 (Proehde
807 838 990 917 Anfangsgr.
1010 860 1038 915 p.
1055 829 1121 919 99).

179 928 282 1005 Atque
304 928 366 987 iam
392 928 497 988 statim
523 927 683 987 incidimus
711 928 743 986 in
770 927 1009 988 observationem
1031 928 1123 987 Plinii

111 1019 147 1078 de
177 1019 282 1078 littera
310 1019 333 1091 l,
362 1036 453 1094 quam
477 1017 550 1076 satis
579 1015 728 1094 insignem
756 1035 820 1076 esse
848 1020 879 1076 et
900 1017 923 1074 ii
947 1017 999 1094 qui
1027 1017 1063 1076 de
1090 1035 1123 1076 re

110 1107 271 1184 phanatica
285 1107 470 1183 scripserunt
483 1105 649 1165 concedunt
665 1096 841 1186 (Seelmann
849 1124 878 1181 p.
887 1099 976 1187 324).
1000 1104 1123 1165 Certum

112 1199 159 1255 est
177 1195 359 1273 posteriores
378 1196 590 1273 grammaticos
609 1194 685 1252 hano
705 1193 882 1254 divisionem
902 1213 962 1254 non
980 1195 1121 1255 tenuisse.

110 1286 257 1343 Attamen
271 1303 348 1361 quae
358 1284 529 1343 Priscianus
543 1283 646 1358 tradit,
662 1301 698 1341 ea
708 1302 744 1342 ex
753 1282 975 1359 antiquioribus
987 1283 1122 1343 fontibus

109 1371 176 1450 (per
189 1365 398 1454 Papirianum)
419 1372 573 1449 excerpsit.
596 1371 638 1431 Et
650 1373 740 1448 plura
757 1371 789 1430 in
802 1371 859 1430 hac
874 1374 961 1447 parte
974 1371 1121 1431 Prisciani

109 1481 128 1521 a
146 1463 243 1521 Plinio
265 1462 402 1539 profecta
424 1481 489 1522 esse
512 1462 572 1521 iam
595 1462 726 1520 testatur
748 1460 945 1520 Naumannus
968 1481 996 1536 p.
1012 1462 1063 1520 58.

177 1551 353 1612 Observatio
372 1551 465 1610 Plinii
483 1552 519 1611 de
538 1548 693 1611 vocabulis
712 1542 872 1608 ‘laterale'
892 1568 930 1608 an
952 1543 1121 1627 ‘laterare',

110 1634 296 1718 ‘aqualium’
321 1659 360 1699 an
384 1632 576 1717 ‘aquarium'
601 1637 733 1698 ostendit
759 1633 911 1697 interdum
940 1639 1122 1699 suavitatem

108 1730 226 1789 dicendi
245 1730 332 1806 quasi
349 1729 479 1788 iudicem
498 1728 552 1806 qui
569 1728 655 1786 litem
674 1727 797 1786 dirimat
811 1726 995 1787 intercedere
1011 1727 1119 1787 debere

108 1819 158 1899 (cf.
179 1818 323 1894 Wolffliq
346 1817 459 1878 Archiv
476 1817 529 1894 IV,
553 1817 601 1875 dia
624 1816 844 1876 Dissimilation
868 1817 920 1876 der
942 1817 1047 1876 littera
1070 1836 1119 1876 ca-

108 1909 180 1966 nina
202 1926 231 1982 p.
248 1897 313 1986 10).
345 1906 498 1966 Audiebat
515 1905 632 1964 Plinius
656 1924 763 1965 sonum
785 1905 953 1983 literarum,
972 1906 1120 1965 sentiebat

109 2015 139 2055 m
156 1996 277 2054 literam
295 1996 438 2073 nasalem,
458 1998 528 2054 ante
547 1995 683 2054 dentales
702 1995 853 2054 dentalem
872 1995 945 2072 fieri,
965 1996 1034 2054 ante
1051 1997 1121 2072 gut-

108 2085 223 2144 turales
242 2086 432 2162 gutturalem
451 2075 583 2165 (agma);
602 2084 707 2161 itaque
726 2086 796 2142 ante
811 2082 938 2142 labiales
951 2102 972 2143 o
985 2083 1121 2143 litteram

108 2174 203 2234 nasal.
226 2172 291 2232 fieri
313 2173 456 2233 labialem
473 2192 511 2231 m.
549 2173 630 2231 Nam
651 2173 683 2231 in
700 2173 748 2233 his
766 2171 856 2232 rebus
874 2191 986 2250 magna
1004 2191 1121 2248 semper

108 2263 169 2322 fuit
188 2262 345 2339 dissensi03
368 2264 404 2322 ut
422 2262 532 2322 Accius
552 2255 726 2340 ‘iggerunt’
746 2260 903 2335 scribebat,
923 2262 1004 2338 quod
1022 2262 1119 2321 Varro

108 2373 167 2413 non
187 2351 337 2428 improbat
356 2342 634 2431 (Pris0.30,1e)¹).
670 2350 753 2410 Haeo
773 2349 882 2427 studia,
900 2352 937 2408 ut
954 2350 999 2409 ita
1022 2350 1121 2410 dicam

109 2442 277 2518 phonetica‚
297 2460 365 2500 oum
389 2439 605 2518 orthographia
628 2441 714 2498 erant
737 2440 897 2498 coniuncta
916 2442 947 2498 et
965 2458 1034 2498 cum
1053 2440 1120 2516 ety-

108 2530 249 2606 mologia,
272 2534 308 2588 ut
332 2524 492 2605 ‘pecunia'
516 2547 570 2605 per
593 2547 608 2587 e
629 2546 689 2586 non
715 2546 771 2603 per
793 2547 810 2602 q
838 2527 1026 2588 scribendum
1055 2546 1119 2588 esse

109 2621 219 2677 censat.
265 2609 332 2696 (ch.
353 2621 425 2698 107,
450 2609 516 2700 33).
561 2618 667 2694 Neque
696 2635 715 2675 a
741 2636 823 2676 more
851 2616 943 2675 Plinii
970 2616 1120 2696 abhorret,
1222 2617 1224 2621 ’

109 2706 192 2785 quod
210 2705 246 2765 de
266 2708 350 2765 statu
368 2708 585 2767 elementorum
599 2705 693 2765 etiam
711 2706 792 2781 apud
810 2705 886 2765 alias
905 2708 1010 2784 gentes
1023 2707 1120 2765 Italas

108 2795 273 2874 quaerebat
305 2788 410 2877 (Prisc.
431 2798 486 2872 20,
507 2787 572 2877 16).
613 2795 659 2855 De
681 2794 851 2854 mutatione
876 2784 1119 2876 (extenuatione)

108 2905 124 2946 ο
147 2886 268 2946 litterae
292 2884 324 2943 in
346 2905 380 2963 a,
404 2885 435 2944 in
457 2885 562 2962 primis
589 2885 622 2943 in
649 2884 707 2942 fine
736 2883 965 2961 vocabulorum,
993 2886 1059 2943 tum
1086 2883 1120 2943 in

107 2975 206 3034 media
226 2973 344 3052 syllaba
363 2974 437 3052 quid
455 2973 580 3034 senserit
598 2973 740 3033 discimus
760 2991 776 3032 e
794 2972 947 3033 Prisciano
962 2975 1119 3049 26,16sq.

108 3067 138 3124 et
162 3084 177 3124 e
201 3063 253 3124 Ch.
275 3065 347 3140 130,
367 3067 408 3124 29
432 3065 506 3137 fras.
551 3063 692 3122 Fortasse
720 3081 850 3139 aequum
877 3063 923 3121 est
949 3061 996 3121 his
1019 3061 1118 3121 obser-

107 3153 280 3213 vationibus
307 3152 437 3211 inserere
465 3152 565 3212 locum
588 3150 640 3210 Oh.
662 3153 713 3230 75,
732 3153 753 3209 4
777 3151 813 3211 de
836 3167 900 3210 -uos
929 3168 968 3209 an
991 3169 1059 3210 -uus
1086 3151 1119 3210 in

108 3242 249 3301 extremis
271 3241 451 3318 nominibus,
471 3241 581 3318 quippe
605 3259 682 3317 quae
705 3240 766 3299 iam
790 3238 872 3316 apud
890 3237 1017 3308 Quintl
1033 3242 1113 3315 4,11

107 3331 263 3406 placerent
279 3331 441 3409 plerisque,
460 3333 497 3388 ut
515 3332 569 3389 aut
583 3329 689 3389 Verrio
708 3329 816 3388 Flacco
836 3329 891 3387 aut
908 3327 1006 3388 Plinio
1026 3329 1118 3388 ascri-

106 3449 319 3460 ———-

113 3498 115 3503 ’
180 3520 206 3588 1)
225 3516 344 3590 Ritsohl,
365 3517 415 3591 Op.
431 3525 449 3575 4
466 3536 495 3592 p.
509 3522 573 3576 144.
974 3586 1013 3638 Q.
