2460 3840
311 149 353 204 Do
372 148 465 204 dubiis
484 149 632 220 generibus
652 152 681 204 et
698 148 829 205 numeris.
1031 145 1072 214 81

547 305 587 362 V.

130 407 166 468 Κ.
185 408 214 464 V
229 409 303 484 593,
323 409 364 466 20
387 407 519 467 Vectes
543 407 662 485 generis
684 407 845 466 masculini
865 453 1006 468 .......
1025 408 1077 467 sed

64 499 183 575 Trogus
207 514 315 574 genere
337 495 481 555 feminino
505 495 588 576 dixit.

131 585 167 647 K.
186 585 318 663 1V213,
339 586 357 644 3
381 585 466 644 Inter
488 588 649 647 ventrem
673 586 703 644 et
726 586 847 645 clvum
875 588 905 644 et
933 588 1078 644 uterum

65 676 123 736 hoo
145 675 285 751 interest,
314 674 395 750 quod
425 677 531 734 venter
557 678 642 734 totus
666 673 789 748 dicitur,
813 673 867 751 qui
890 673 984 732 oculis
1007 674 1077 733 sub·
1105 688 1118 730 o

67 765 163 824 iectus
187 766 241 839 est,
261 764 348 824 alvus
370 763 497 822 intexior
514 781 593 840 pers,
612 781 673 840 qua
695 762 778 822 cibus
798 765 954 841 commeat,
971 765 1078 822 uterus

68 856 180 931 autem,
205 870 264 929 quo
287 851 398 911 mulier
420 852 539 911 baiulat
561 855 693 929 partum.

133 941 306 1014 K.V592,
327 944 366 1000 19
405 940 542 1018 Vepres
579 941 697 1019 generis
733 940 881 1018 feminini,
918 942 954 999 ut
990 940 1078 1000 Titus

66 1031 173 1091 Livius
195 1031 250 1090 loos
272 1047 380 1104 cepres
427 1030 479 1089 sed
502 1030 686 1108 singularem
709 1048 769 1088 non
796 1030 917 1108 recipit,
942 1029 1078 1106 quemvis

67 1119 217 1178 Aemilius
240 1118 405 1178 masculine
429 1119 510 1178 dicet
531 1137 616 1193 ceper
639 1120 749 1178 occulto
770 1120 843 1177 rosis.
1093 1135 1119 1175 io

138 1206 189 1267 Oh.
207 1211 257 1284 99,
269 1201 361 1287 250)
380 1207 462 1267 Vici
481 1207 623 1268 dicuntur
640 1206 769 1266 humiles
788 1206 901 1267 domus.
935 1225 1004 1265 nem
1019 1226 1079 1284 qua

68 1296 236 1356 incedimus
259 1315 319 1356 non
342 1296 402 1356 vici
425 1297 476 1356 sed
499 1296 567 1356 viee
591 1298 662 1355 sunt
683 1295 825 1355 vicorum.
870 1294 951 1355 unde
970 1295 1081 1356 vicinia

72 1384 184 1445 dicitur
205 1385 265 1445 loci
293 1385 521 1462 demonstratio,
548 1385 689 1446 vicinitas
717 1403 788 1444 vero
815 1383 983 1444 vicinoium
1011 1403 1080 1444 con-

65 1473 191 1535 iunctio.

135 1563 297 1623 Praeterea
320 1563 357 1622 cf.
380 1563 415 1624 K.
439 1563 468 1621 V
487 1565 550 1624 592
574 1565 741 1624 veternum.
1094 1575 1121 1618 15
1145 1612 1155 1639 ,

143 1756 159 1806 8
169 1751 301 1822 vepres]
312 1754 346 1804 10
356 1749 491 1805 Aemilius
501 1749 519 1806 i.
526 1767 549 1806 e.
560 1749 696 1804 Aemilius
706 1751 808 1820 Macer,
818 1751 916 1805 auctor
925 1748 1079 1819 Plinienus,

70 1820 173 1890 quiin
195 1823 294 1878 eodem
316 1820 475 1891 fragmento
499 1822 534 1876 do
561 1821 654 1876 dubiis
677 1821 836 1876 nominibus
859 1820 941 1877 nobis
960 1819 1081 1877 occurrit

68 1910 97 1963 p.
113 1897 173 1963 576,
188 1898 212 1949 5.
