2460 3840
208 151 250 207 De
268 152 471 224 orthographia
489 152 547 208 sive
567 154 602 208 de
621 152 714 207 dubiis
732 152 876 208 nominum
894 153 999 210 formis.
1063 154 1105 217 47

97 305 145 363 eat
160 308 317 378 postquam
338 305 461 364 aadoott
484 305 599 364 cassida
626 305 763 377 frontem,
786 308 818 364 et
839 304 992 382 Vergilius
1016 323 1108 365 carco

97 395 158 452 catt
177 383 182 472 l
203 395 318 452 cassida
342 384 391 474 (K.
411 392 438 448 V
458 385 545 473 576).

163 479 215 541 Oh.
241 483 295 559 75,
322 483 362 542 18
393 481 612 541 Aeditumus
644 481 755 540 dieitur
783 481 836 558 qui
863 482 968 541 aedem
997 486 1107 559 servat,

97 570 185 648 quasi
216 570 298 629 aedis
330 571 470 646 intimus,
501 565 634 647 <dieitur
662 570 754 629 etiam
781 564 943 647 aedi>tuus
971 570 1009 629 ab
1033 571 1105 631 aede

94 659 215 720 tuenda.
1133 679 1146 720 s

163 747 215 807 ch.
236 751 287 825 75,
307 750 349 808 20
373 747 510 806 Lanius
530 748 649 825 dieitur,
673 751 709 807 ut
727 747 886 807 Terentius
905 749 967 808 tant
986 751 1051 824 coci,
1075 753 1106 808 et

96 835 259 896 Sallustius
283 839 352 910 quta
374 839 484 896 maurit
502 831 687 914 <taoltqac>3
709 836 763 895 ubi
785 837 862 896 illud
881 855 1001 914 quoquo
1020 840 1105 897 nota·

94 925 193 984 bimus
216 919 389 1002 vina<rium
413 921 502 1003 diei).
536 926 618 986 lanio
642 928 744 984 autem
768 926 856 1003 quasi
874 926 1040 985 deminutio
1060 929 1106 985 est

94 1015 176 1076 lanii.

163 1102 214 1163 Oh.
235 1105 286 1180 76,
307 1106 347 1163 19
371 1103 523 1162 Delirus
546 1123 565 1162 a
586 1104 651 1179 lira,
680 1105 774 1163 aratri
797 1103 900 1181 ductu,
924 1105 1145 1181 appellatorio

93 1194 196 1269 potest
222 1196 325 1252 tamen
355 1193 473 1251 delerus
501 1211 555 1268 por
583 1211 597 1251 e
624 1189 682 1253 ἀπὸ
709 1200 762 1252 τοῦ
789 1196 889 1271 ληρεῖν
917 1194 1106 1270 conpositum

93 1281 198 1342 videri.

162 1369 213 1428 Ch.
233 1372 284 1446 81,
305 1373 323 1429 6
345 1369 516 1429 Sincerus
536 1371 654 1444 dicitur,
673 1389 732 1429 non
752 1369 883 1448 sinceris,
902 1373 938 1429 ut
952 1369 1105 1448 Vergilius

95 1458 140 1518 ait
160 1461 322 1518 insincerus
345 1477 414 1533 apes
441 1461 537 1518 tuterit
559 1477 656 1535 maor,
685 1459 736 1518 sod
764 1458 943 1518 neutraliter
965 1459 1022 1518 hoe
1046 1459 1104 1518 sin·

95 1566 161 1607 cere
185 1547 303 1624 dieitur,
326 1550 363 1607 ut
386 1548 546 1607 Terentius
568 1552 595 1608 sc'
616 1551 694 1608 istud
717 1549 859 1608 crederem
879 1546 883 1622 Ι
903 1550 1020 1608 sincere.
1060 1585 1064 1594 ·
1118 1567 1144 1608 rs

157 1635 209 1696 Ch.
229 1639 281 1710 81,
301 1639 343 1697 20
368 1635 632 1714 Quinquatrus,
656 1636 791 1696 sednon
815 1636 1017 1714 quinquatria.
1044 1657 1105 1696 non
1172 1638 1176 1646 ’

95 1725 174 1784 onim
198 1725 297 1785 diotae
321 1729 392 1785 sunt
415 1726 548 1804 quinquo
572 1727 635 1785 dios
663 1745 778 1801 sacrae,
802 1727 855 1785 sod
878 1725 958 1803 quod
981 1727 1104 1803 quintus

94 1813 156 1874 dies
184 1814 307 1892 Iduum,
336 1833 411 1891 quas
440 1818 524 1874 atrus
552 1815 671 1892 antiqui
698 1815 850 1891 dicebant,
882 1815 945 1876 sive
973 1835 991 1874 a
1018 1816 1104 1893 quin·

95 1903 222 1982 quando,
241 1904 273 1962 id
292 1907 338 1964 est
356 1905 523 1982 lustrando,
542 1904 622 1981 quod
641 1923 675 1963 eo
696 1903 743 1963 die
758 1923 842 1963 arma
856 1904 967 1963 ancilia
979 1905 1105 1964 lustrari

93 1992 153 2051 sint
176 1993 272 2052 solita.
1119 2013 1144 2053 1ο

160 2078 212 2140 Oh.
232 2083 282 2157 82,
304 2084 322 2142 5
344 2083 439 2141 Iuris
460 2084 654 2143 consultus
674 2083 732 2141 dici
751 2082 848 2160 debet,
872 2102 932 2142 non
950 2082 1015 2140 iure
1035 2101 1103 2141 oon·

93 2170 206 2247 sultus3
228 2171 301 2230 lieet
320 2170 423 2230 Cicero
441 2192 496 2249 pro
514 2173 641 2232 Murena
659 2172 704 2231 ita
722 2171 840 2247 duent,
859 2174 890 2230 et
908 2170 1044 2229 Lucilius
1062 2170 1102 2248 ΙΙ,

91 2261 126 2318 ut
148 2259 214 2319 inre
236 2260 360 2337 peritus.

159 2346 210 2408 Oh.
231 2351 321 2425 82,7
351 2348 510 2409 Graecus
539 2352 569 2408 et
598 2352 700 2409 ortus
729 2349 791 2408 sine
816 2348 1020 2424 adspiratione
1044 2348 1103 2406 diei

92 2436 199 2496 debere
223 2436 320 2497 Varro
348 2438 404 2515 ait3
434 2441 464 2497 et
492 2442 591 2498 ortum
615 2439 750 2516 quidem,
781 2438 861 2514 quod
887 2437 919 2495 in
946 2456 978 2497 eo
1003 2437 1103 2496 omnia
1117 2455 1143 2497 as

93 2526 239 2602 oriantur,
259 2525 406 2586 Graecum
426 2531 564 2588 autema
582 2527 721 2606 gerendo,
741 2527 822 2604 quod
840 2529 937 2585 mater
952 2526 1016 2584 eius
1031 2526 1103 2584 dno-

91 2613 188 2672 deeim
214 2616 366 2675 mensibus
393 2619 481 2676 utero
510 2635 578 2675 eum
605 2617 783 2694 gestaverit,
809 2617 857 2677 vel
886 2635 904 2674 a
931 2614 1102 2693 gracilitate

92 2702 238 2781 eorporis,
261 2707 297 2763 ut
320 2705 442 2782 quidam
465 2706 581 2766 volunt.
615 2707 666 2765 sed
690 2706 875 2766 consuetudo
899 2707 930 2764 et
954 2703 1103 2763 Gracchos

92 2795 122 2851 et
144 2792 248 2852 hortos
272 2811 340 2852 eum
363 2795 567 2870 adspiratione
585 2794 744 2872 usurpavit
767 2786 819 2876 (of.
830 2816 859 2871 p.
869 2796 951 2872 46,4
967 2796 997 2852 et
1012 2786 1102 2874 adn).

89 2916 117 2973 0
159 2879 211 2940 ch.
231 2884 281 2959 82,
304 2887 342 2942 12
368 2881 636 2943 Oonlaotaneus
656 2884 716 2943 diei
734 2883 831 2944 debet.
854 2902 924 2942 nam
939 2884 1101 2943 collaeteus
1115 2900 1141 2940 su

90 2989 178 3030 nemo
202 2971 282 3031 dioit.

157 3057 209 3120 Oh.
230 3063 281 3138 83,
302 3063 342 3120 13
368 3109 373 3120 .
395 3108 400 3119 .
421 3108 427 3118 .
450 3061 525 3120 item
553 3063 675 3138 caprina
703 3066 734 3122 et
757 3080 874 3138 apruna
897 3080 951 3121 cur
974 3057 1101 3120 dissimiss

90 3146 161 3207 liter
179 3149 332 3209 derivetur
351 3150 457 3226 quaeri
475 3151 560 3210 solet.
595 3150 704 3227 quibus
722 3151 969 3228 respondebimus
986 3152 1101 3207 utrum·

162 3375 195 3423 10
223 3370 380 3495 (1111111ιείς
401 3370 505 3425 delirus
534 3387 551 3424 a
580 3370 655 3424 ‘lira’
686 3373 758 3424 teste
784 3369 909 3425 Varrone
937 3371 1013 3440 apud
1040 3370 1099 3424 Vel.

89 3443 217 3511 Longum
244 3461 271 3511 p.
293 3448 327 3496 73
382 3442 468 3497 .VII.
495 3474 532 3482 -
559 3447 593 3495 24
616 3441 776 3512 Graecus]
805 3442 838 3496 of.
865 3441 958 3506 Quint.
977 3441 991 3494 I
1010 3447 1039 3512 ὁ,
1059 3447 1100 3511 19,

88 3512 201 3569 Bramb.
219 3531 246 3582 p.
262 3517 322 3568 283.
343 3544 375 3554 -
396 3519 431 3567 30
451 3512 710 3583 conlactaneus]
730 3513 840 3568 Bramb.
860 3531 886 3581 p.
906 3518 957 3567 302
974 3513 1038 3569 adn.
