<?xml version="1.0" encoding="UTF-8"?>
<!DOCTYPE html PUBLIC "-//W3C//DTD XHTML 1.0 Transitional//EN"
    "http://www.w3.org/TR/xhtml1/DTD/xhtml1-transitional.dtd">
<html xmlns="http://www.w3.org/1999/xhtml" xml:lang="en" lang="en">
 <head>
  <title>
</title>
<meta http-equiv="Content-Type" content="text/html;charset=utf-8" />
  <meta name='ocr-system' content='tesseract 3.04.00' />
  <meta name='ocr-capabilities' content='ocr_page ocr_carea ocr_par ocr_line ocrx_word'/>
</head>
<body>
  <div class='ocr_page' id='page_1' title='image "./cpliniisecundil01beckgoog_0021.png"; bbox 0 0 2460 3840; ppageno 0'>
   <div class='ocr_carea' id='block_1_1' title="bbox 167 152 884 223">
    <p class='ocr_par' dir='ltr' id='par_1_1' title="bbox 167 152 884 223">
     <span class='ocr_line' id='line_1_1' title="bbox 167 152 884 223; baseline 0 -15"><span class='ocrx_word' id='word_1_1' title='bbox 167 153 231 210; x_wconf 87' lang='lat' dir='ltr'>XVI</span> <span class='ocrx_word' id='word_1_2' title='bbox 449 152 698 208; x_wconf 83' lang='lat' dir='ltr'>Commentariolus</span> <span class='ocrx_word' id='word_1_3' title='bbox 716 152 884 223; x_wconf 86' lang='lat' dir='ltr'>isagogicus.</span> 
     </span>
    </p>
   </div>
   <div class='ocr_carea' id='block_1_2' title="bbox 164 294 1180 3564">
    <p class='ocr_par' dir='ltr' id='par_1_2' title="bbox 166 294 1178 606">
     <span class='ocr_line' id='line_1_2' title="bbox 167 294 1178 365; baseline -0.002 -16"><span class='ocrx_word' id='word_1_4' title='bbox 167 297 210 350; x_wconf 81' lang='lat' dir='ltr'>Ex</span> <span class='ocrx_word' id='word_1_5' title='bbox 227 295 319 351; x_wconf 88' lang='lat' dir='ltr'>Venii</span> <span class='ocrx_word' id='word_1_6' title='bbox 337 295 432 350; x_wconf 80' lang='lat' dir='ltr'>Flacci</span> <span class='ocrx_word' id='word_1_7' title='bbox 453 294 534 350; x_wconf 89' lang='lat' dir='ltr'>libris</span> <span class='ocrx_word' id='word_1_8' title='bbox 552 295 599 350; x_wconf 91' lang='lat' dir='ltr'>hic</span> <span class='ocrx_word' id='word_1_9' title='bbox 617 294 739 365; x_wconf 89' lang='lat' dir='ltr'>primum</span> <span class='ocrx_word' id='word_1_10' title='bbox 762 295 999 349; x_wconf 89' lang='lat' dir='ltr'>commemorandi</span> <span class='ocrx_word' id='word_1_11' title='bbox 1021 298 1087 349; x_wconf 93' lang='lat' dir='ltr'>sunt</span> <span class='ocrx_word' id='word_1_12' title='bbox 1108 294 1178 348; x_wconf 85' lang='lat' dir='ltr'>libri</span> 
     </span>
     <span class='ocr_line' id='line_1_3' title="bbox 166 374 1174 446; baseline -0.003 -15"><span class='ocrx_word' id='word_1_13' title='bbox 166 378 201 432; x_wconf 89' lang='lat' dir='ltr'>de</span> <span class='ocrx_word' id='word_1_14' title='bbox 220 375 428 446; x_wconf 74' lang='lat' dir='ltr'>orthographia,</span> <span class='ocrx_word' id='word_1_15' title='bbox 444 393 513 443; x_wconf 90' lang='lat' dir='ltr'>quos</span> <span class='ocrx_word' id='word_1_16' title='bbox 528 375 717 430; x_wconf 88' lang='lat' dir='ltr'>adhibuerunt</span> <span class='ocrx_word' id='word_1_17' title='bbox 731 375 839 429; x_wconf 84' lang='lat' dir='ltr'>Plinius</span> <span class='ocrx_word' id='word_1_18' title='bbox 855 379 883 429; x_wconf 90' lang='lat' dir='ltr'>et</span> <span class='ocrx_word' id='word_1_19' title='bbox 897 374 1095 442; x_wconf 77' lang='lat' dir='ltr'>Quintilianus,</span> <span class='ocrx_word' id='word_1_20' title='bbox 1109 378 1174 443; x_wconf 90' lang='lat' dir='ltr'>post</span> 
     </span>
     <span class='ocr_line' id='line_1_4' title="bbox 168 454 1176 524; baseline 0.002 -14"><span class='ocrx_word' id='word_1_21' title='bbox 168 457 314 512; x_wconf 74' lang='lat' dir='ltr'>Terentius</span> <span class='ocrx_word' id='word_1_22' title='bbox 346 457 465 511; x_wconf 80' lang='lat' dir='ltr'>Scaurus</span> <span class='ocrx_word' id='word_1_23' title='bbox 498 458 527 510; x_wconf 92' lang='lat' dir='ltr'>et</span> <span class='ocrx_word' id='word_1_24' title='bbox 554 455 651 510; x_wconf 89' lang='lat' dir='ltr'>Velius</span> <span class='ocrx_word' id='word_1_25' title='bbox 682 457 809 524; x_wconf 75' lang='lat' dir='ltr'>Longus,</span> <span class='ocrx_word' id='word_1_26' title='bbox 838 471 872 508; x_wconf 87' lang='lat' dir='ltr'>ex</span> <span class='ocrx_word' id='word_1_27' title='bbox 902 454 1027 509; x_wconf 90' lang='lat' dir='ltr'>fontibus</span> <span class='ocrx_word' id='word_1_28' title='bbox 1061 457 1176 511; x_wconf 89' lang='lat' dir='ltr'>secundi</span> 
     </span>
     <span class='ocr_line' id='line_1_5' title="bbox 166 534 1177 606; baseline 0.002 -16"><span class='ocrx_word' id='word_1_29' title='bbox 166 536 272 590; x_wconf 87' lang='lat' dir='ltr'>ordinis</span> <span class='ocrx_word' id='word_1_30' title='bbox 290 536 336 592; x_wconf 81' lang='lat' dir='ltr'>vel</span> <span class='ocrx_word' id='word_1_31' title='bbox 355 535 485 606; x_wconf 78' lang='lat' dir='ltr'>epitomis</span> <span class='ocrx_word' id='word_1_32' title='bbox 505 535 647 591; x_wconf 72' lang='lat' dir='ltr'>Charisius</span> <span class='ocrx_word' id='word_1_33' title='bbox 666 538 695 590; x_wconf 89' lang='lat' dir='ltr'>et</span> <span class='ocrx_word' id='word_1_34' title='bbox 712 535 861 590; x_wconf 87' lang='lat' dir='ltr'>Diomedes</span> <span class='ocrx_word' id='word_1_35' title='bbox 880 534 975 588; x_wconf 91' lang='lat' dir='ltr'>omnia</span> <span class='ocrx_word' id='word_1_36' title='bbox 993 535 1177 592; x_wconf 84' lang='lat' dir='ltr'>deduxerunt.</span> 
     </span>
    </p>

    <p class='ocr_par' dir='ltr' id='par_1_3' title="bbox 164 614 1180 3486">
     <span class='ocr_line' id='line_1_6' title="bbox 235 614 1175 685; baseline 0 -14"><span class='ocrx_word' id='word_1_37' title='bbox 235 618 397 685; x_wconf 82' lang='lat' dir='ltr'>Antequam</span> <span class='ocrx_word' id='word_1_38' title='bbox 420 616 457 670; x_wconf 87' lang='lat' dir='ltr'>ad</span> <span class='ocrx_word' id='word_1_39' title='bbox 480 615 567 669; x_wconf 88' lang='lat' dir='ltr'>Plinii</span> <span class='ocrx_word' id='word_1_40' title='bbox 593 615 681 670; x_wconf 90' lang='lat' dir='ltr'>libros</span> <span class='ocrx_word' id='word_1_41' title='bbox 709 614 871 685; x_wconf 86' lang='lat' dir='ltr'>aggredior,</span> <span class='ocrx_word' id='word_1_42' title='bbox 899 616 991 669; x_wconf 91' lang='lat' dir='ltr'>restat</span> <span class='ocrx_word' id='word_1_43' title='bbox 1016 617 1049 670; x_wconf 94' lang='lat' dir='ltr'>ut</span> <span class='ocrx_word' id='word_1_44' title='bbox 1075 617 1110 671; x_wconf 89' lang='lat' dir='ltr'>de</span> <span class='ocrx_word' id='word_1_45' title='bbox 1137 617 1175 672; x_wconf 88' lang='lat' dir='ltr'>M.</span> 
     </span>
     <span class='ocr_line' id='line_1_7' title="bbox 167 694 1176 765; baseline 0.001 -15"><span class='ocrx_word' id='word_1_46' title='bbox 167 696 279 751; x_wconf 86' lang='lat' dir='ltr'>Valerio</span> <span class='ocrx_word' id='word_1_47' title='bbox 297 697 387 752; x_wconf 90' lang='lat' dir='ltr'>Probo</span> <span class='ocrx_word' id='word_1_48' title='bbox 405 694 520 765; x_wconf 82' lang='lat' dir='ltr'>Berytio</span> <span class='ocrx_word' id='word_1_49' title='bbox 540 698 569 750; x_wconf 92' lang='lat' dir='ltr'>et</span> <span class='ocrx_word' id='word_1_50' title='bbox 587 695 621 750; x_wconf 89' lang='lat' dir='ltr'>de</span> <span class='ocrx_word' id='word_1_51' title='bbox 637 695 764 749; x_wconf 85' lang='lat' dir='ltr'>Remmio</span> <span class='ocrx_word' id='word_1_52' title='bbox 778 695 946 748; x_wconf 79' lang='lat' dir='ltr'>Palaemone</span> <span class='ocrx_word' id='word_1_53' title='bbox 964 711 1055 763; x_wconf 87' lang='lat' dir='ltr'>pauca</span> <span class='ocrx_word' id='word_1_54' title='bbox 1075 695 1176 752; x_wconf 91' lang='lat' dir='ltr'>dicam.</span> 
     </span>
     <span class='ocr_line' id='line_1_8' title="bbox 168 774 1178 846; baseline 0 -16"><span class='ocrx_word' id='word_1_55' title='bbox 168 777 208 831; x_wconf 89' lang='lat' dir='ltr'>De</span> <span class='ocrx_word' id='word_1_56' title='bbox 228 777 327 832; x_wconf 89' lang='lat' dir='ltr'>ceteris</span> <span class='ocrx_word' id='word_1_57' title='bbox 345 775 406 830; x_wconf 90' lang='lat' dir='ltr'>ludi</span> <span class='ocrx_word' id='word_1_58' title='bbox 424 775 568 845; x_wconf 82' lang='lat' dir='ltr'>magistris</span> <span class='ocrx_word' id='word_1_59' title='bbox 588 779 617 830; x_wconf 89' lang='lat' dir='ltr'>et</span> <span class='ocrx_word' id='word_1_60' title='bbox 634 774 805 844; x_wconf 86' lang='lat' dir='ltr'>magistellis</span> <span class='ocrx_word' id='word_1_61' title='bbox 829 775 1090 846; x_wconf 81' lang='lat' dir='ltr'>grammaticisque,</span> <span class='ocrx_word' id='word_1_62' title='bbox 1109 794 1178 845; x_wconf 88' lang='lat' dir='ltr'>quo-</span> 
     </span>
     <span class='ocr_line' id='line_1_9' title="bbox 168 853 1179 926; baseline -0.001 -15"><span class='ocrx_word' id='word_1_63' title='bbox 168 875 229 910; x_wconf 90' lang='lat' dir='ltr'>rum</span> <span class='ocrx_word' id='word_1_64' title='bbox 248 873 364 926; x_wconf 91' lang='lat' dir='ltr'>operum</span> <span class='ocrx_word' id='word_1_65' title='bbox 383 858 433 909; x_wconf 92' lang='lat' dir='ltr'>aut</span> <span class='ocrx_word' id='word_1_66' title='bbox 450 854 523 908; x_wconf 89' lang='lat' dir='ltr'>nihil</span> <span class='ocrx_word' id='word_1_67' title='bbox 541 859 669 924; x_wconf 86' lang='lat' dir='ltr'>superest</span> <span class='ocrx_word' id='word_1_68' title='bbox 688 859 738 910; x_wconf 91' lang='lat' dir='ltr'>aut</span> <span class='ocrx_word' id='word_1_69' title='bbox 763 858 838 909; x_wconf 89' lang='lat' dir='ltr'>certe</span> <span class='ocrx_word' id='word_1_70' title='bbox 860 853 932 908; x_wconf 89' lang='lat' dir='ltr'>nihil</span> <span class='ocrx_word' id='word_1_71' title='bbox 954 854 1014 909; x_wconf 89' lang='lat' dir='ltr'>eius</span> <span class='ocrx_word' id='word_1_72' title='bbox 1037 855 1127 925; x_wconf 92' lang='lat' dir='ltr'>modi,</span> <span class='ocrx_word' id='word_1_73' title='bbox 1146 859 1179 910; x_wconf 95' lang='lat' dir='ltr'>ut</span> 
     </span>
     <span class='ocr_line' id='line_1_10' title="bbox 167 933 1177 1005; baseline 0 -15"><span class='ocrx_word' id='word_1_74' title='bbox 167 953 201 990; x_wconf 84' lang='lat' dir='ltr'>ex</span> <span class='ocrx_word' id='word_1_75' title='bbox 219 953 251 991; x_wconf 89' lang='lat' dir='ltr'>eo</span> <span class='ocrx_word' id='word_1_76' title='bbox 269 935 367 1004; x_wconf 85' lang='lat' dir='ltr'>lingua</span> <span class='ocrx_word' id='word_1_77' title='bbox 385 934 475 989; x_wconf 87' lang='lat' dir='ltr'>latina</span> <span class='ocrx_word' id='word_1_78' title='bbox 493 951 610 1003; x_wconf 88' lang='lat' dir='ltr'>magnos</span> <span class='ocrx_word' id='word_1_79' title='bbox 629 933 737 988; x_wconf 88' lang='lat' dir='ltr'>fructus</span> <span class='ocrx_word' id='word_1_80' title='bbox 756 935 920 1005; x_wconf 85' lang='lat' dir='ltr'>perceperit,</span> <span class='ocrx_word' id='word_1_81' title='bbox 940 934 1068 989; x_wconf 85' lang='lat' dir='ltr'>Suetonii</span> <span class='ocrx_word' id='word_1_82' title='bbox 1082 935 1177 990; x_wconf 87' lang='lat' dir='ltr'>obser·</span> 
     </span>
     <span class='ocr_line' id='line_1_11' title="bbox 167 1014 1176 1083; baseline 0.001 -14"><span class='ocrx_word' id='word_1_83' title='bbox 167 1015 295 1071; x_wconf 83' lang='lat' dir='ltr'>vationes</span> <span class='ocrx_word' id='word_1_84' title='bbox 313 1015 344 1068; x_wconf 92' lang='lat' dir='ltr'>in</span> <span class='ocrx_word' id='word_1_85' title='bbox 362 1015 458 1070; x_wconf 90' lang='lat' dir='ltr'>libello</span> <span class='ocrx_word' id='word_1_86' title='bbox 479 1014 524 1069; x_wconf 79' lang='lat' dir='ltr'>‘de</span> <span class='ocrx_word' id='word_1_87' title='bbox 543 1014 746 1083; x_wconf 87' lang='lat' dir='ltr'>grammaticis&#39;</span> <span class='ocrx_word' id='word_1_88' title='bbox 768 1014 918 1071; x_wconf 89' lang='lat' dir='ltr'>sufficiunt.</span> <span class='ocrx_word' id='word_1_89' title='bbox 950 1014 1073 1069; x_wconf 82' lang='lat' dir='ltr'>Maxime</span> <span class='ocrx_word' id='word_1_90' title='bbox 1090 1014 1176 1070; x_wconf 89' lang='lat' dir='ltr'>inter·</span> 
     </span>
     <span class='ocr_line' id='line_1_12' title="bbox 168 1093 1177 1163; baseline 0.001 -13"><span class='ocrx_word' id='word_1_91' title='bbox 168 1098 211 1150; x_wconf 90' lang='lat' dir='ltr'>est</span> <span class='ocrx_word' id='word_1_92' title='bbox 229 1101 326 1150; x_wconf 85' lang='lat' dir='ltr'>nostra</span> <span class='ocrx_word' id='word_1_93' title='bbox 344 1097 377 1149; x_wconf 94' lang='lat' dir='ltr'>ut</span> <span class='ocrx_word' id='word_1_94' title='bbox 394 1095 465 1149; x_wconf 90' lang='lat' dir='ltr'>haec</span> <span class='ocrx_word' id='word_1_95' title='bbox 484 1095 584 1148; x_wconf 90' lang='lat' dir='ltr'>saltem</span> <span class='ocrx_word' id='word_1_96' title='bbox 598 1093 757 1163; x_wconf 83' lang='lat' dir='ltr'>probabilia</span> <span class='ocrx_word' id='word_1_97' title='bbox 772 1110 833 1149; x_wconf 89' lang='lat' dir='ltr'>esse</span> <span class='ocrx_word' id='word_1_98' title='bbox 846 1094 901 1149; x_wconf 80' lang='lat' dir='ltr'>uiri</span> <span class='ocrx_word' id='word_1_99' title='bbox 915 1095 992 1149; x_wconf 91' lang='lat' dir='ltr'>docti</span> <span class='ocrx_word' id='word_1_100' title='bbox 1008 1095 1177 1151; x_wconf 86' lang='lat' dir='ltr'>concedant:</span> 
     </span>
     <span class='ocr_line' id='line_1_13' title="bbox 167 1174 1176 1244; baseline 0.002 -16"><span class='ocrx_word' id='word_1_101' title='bbox 167 1181 191 1228; x_wconf 95' lang='lat'>1.</span> <span class='ocrx_word' id='word_1_102' title='bbox 214 1174 337 1228; x_wconf 86' lang='lat' dir='ltr'>Plinium</span> <span class='ocrx_word' id='word_1_103' title='bbox 360 1174 518 1229; x_wconf 86' lang='lat' dir='ltr'>Secundum</span> <span class='ocrx_word' id='word_1_104' title='bbox 546 1190 580 1227; x_wconf 85' lang='lat' dir='ltr'>ex</span> <span class='ocrx_word' id='word_1_105' title='bbox 602 1174 715 1228; x_wconf 88' lang='lat' dir='ltr'>Valerio</span> <span class='ocrx_word' id='word_1_106' title='bbox 739 1174 829 1228; x_wconf 91' lang='lat' dir='ltr'>Probo</span> <span class='ocrx_word' id='word_1_107' title='bbox 858 1174 967 1243; x_wconf 88' lang='lat' dir='ltr'>aliquid</span> <span class='ocrx_word' id='word_1_108' title='bbox 995 1174 1176 1244; x_wconf 88' lang='lat' dir='ltr'>descripsisse</span> 
     </span>
     <span class='ocr_line' id='line_1_14' title="bbox 165 1248 1178 1325; baseline 0.001 -17"><span class='ocrx_word' id='word_1_109' title='bbox 165 1271 221 1308; x_wconf 93' lang='lat' dir='ltr'>non</span> <span class='ocrx_word' id='word_1_110' title='bbox 244 1258 385 1325; x_wconf 83' lang='lat' dir='ltr'>constare,</span> <span class='ocrx_word' id='word_1_111' title='bbox 408 1271 499 1324; x_wconf 89' lang='lat' dir='ltr'>neque</span> <span class='ocrx_word' id='word_1_112' title='bbox 528 1253 617 1308; x_wconf 92' lang='lat' dir='ltr'>ullum</span> <span class='ocrx_word' id='word_1_113' title='bbox 630 1248 747 1308; x_wconf 86' lang='lat' dir='ltr'>¹certum</span> <span class='ocrx_word' id='word_1_114' title='bbox 769 1255 921 1324; x_wconf 84' lang='lat' dir='ltr'>vestigium</span> <span class='ocrx_word' id='word_1_115' title='bbox 942 1254 1063 1309; x_wconf 88' lang='lat' dir='ltr'>indicari</span> <span class='ocrx_word' id='word_1_116' title='bbox 1085 1271 1178 1325; x_wconf 90' lang='lat' dir='ltr'>posse,</span> 
     </span>
     <span class='ocr_line' id='line_1_15' title="bbox 166 1333 1178 1404; baseline 0 -15"><span class='ocrx_word' id='word_1_117' title='bbox 166 1341 190 1391; x_wconf 76' lang='lat'>2.</span> <span class='ocrx_word' id='word_1_118' title='bbox 214 1335 358 1390; x_wconf 88' lang='lat' dir='ltr'>Valerium</span> <span class='ocrx_word' id='word_1_119' title='bbox 385 1335 507 1389; x_wconf 92' lang='lat' dir='ltr'>Probum</span> <span class='ocrx_word' id='word_1_120' title='bbox 533 1333 691 1404; x_wconf 83' lang='lat' dir='ltr'>Berytium,</span> <span class='ocrx_word' id='word_1_121' title='bbox 724 1335 774 1403; x_wconf 89' lang='lat' dir='ltr'>qui</span> <span class='ocrx_word' id='word_1_122' title='bbox 800 1337 873 1389; x_wconf 89' lang='lat' dir='ltr'>teste</span> <span class='ocrx_word' id='word_1_123' title='bbox 901 1335 1034 1389; x_wconf 85' lang='lat' dir='ltr'>Suetonio</span> <span class='ocrx_word' id='word_1_124' title='bbox 1061 1334 1178 1403; x_wconf 88' lang='lat' dir='ltr'>reliquit</span> 
     </span>
     <span class='ocr_line' id='line_1_16' title="bbox 167 1414 1178 1484; baseline 0 -15"><span class='ocrx_word' id='word_1_125' title='bbox 167 1417 237 1469; x_wconf 86' lang='lat' dir='ltr'>‘non</span> <span class='ocrx_word' id='word_1_126' title='bbox 253 1414 423 1470; x_wconf 88' lang='lat' dir='ltr'>mediocrem</span> <span class='ocrx_word' id='word_1_127' title='bbox 442 1415 543 1469; x_wconf 84' lang='lat' dir='ltr'>silvam</span> <span class='ocrx_word' id='word_1_128' title='bbox 557 1414 785 1469; x_wconf 88' lang='lat' dir='ltr'>observationum</span> <span class='ocrx_word' id='word_1_129' title='bbox 804 1415 938 1469; x_wconf 91' lang='lat' dir='ltr'>sermonis</span> <span class='ocrx_word' id='word_1_130' title='bbox 958 1414 1089 1484; x_wconf 84' lang='lat' dir='ltr'>antiqui&#39;,</span> <span class='ocrx_word' id='word_1_131' title='bbox 1105 1431 1178 1482; x_wconf 89' lang='lat' dir='ltr'>quae</span> 
     </span>
     <span class='ocr_line' id='line_1_17' title="bbox 168 1494 1178 1565; baseline 0.002 -17"><span class='ocrx_word' id='word_1_132' title='bbox 168 1495 378 1550; x_wconf 90' lang='lat' dir='ltr'>observationes</span> <span class='ocrx_word' id='word_1_133' title='bbox 398 1498 448 1549; x_wconf 91' lang='lat' dir='ltr'>aut</span> <span class='ocrx_word' id='word_1_134' title='bbox 464 1511 516 1564; x_wconf 91' lang='lat' dir='ltr'>per</span> <span class='ocrx_word' id='word_1_135' title='bbox 532 1495 667 1549; x_wconf 90' lang='lat' dir='ltr'>lectiones</span> <span class='ocrx_word' id='word_1_136' title='bbox 687 1495 747 1549; x_wconf 87' lang='lat' dir='ltr'>eius</span> <span class='ocrx_word' id='word_1_137' title='bbox 767 1512 784 1548; x_wconf 91' lang='lat' dir='ltr'>a</span> <span class='ocrx_word' id='word_1_138' title='bbox 803 1494 989 1549; x_wconf 86' lang='lat' dir='ltr'>sectatoribus</span> <span class='ocrx_word' id='word_1_139' title='bbox 1003 1495 1096 1550; x_wconf 89' lang='lat' dir='ltr'>verbis</span> <span class='ocrx_word' id='word_1_140' title='bbox 1114 1513 1178 1565; x_wconf 91' lang='lat' dir='ltr'>pro·</span> 
     </span>
     <span class='ocr_line' id='line_1_18' title="bbox 166 1573 1176 1645; baseline 0 -16"><span class='ocrx_word' id='word_1_141' title='bbox 166 1576 268 1645; x_wconf 86' lang='lat' dir='ltr'>pagari</span> <span class='ocrx_word' id='word_1_142' title='bbox 289 1576 335 1630; x_wconf 82' lang='lat' dir='ltr'>vel</span> <span class='ocrx_word' id='word_1_143' title='bbox 356 1575 493 1644; x_wconf 86' lang='lat' dir='ltr'>magistro</span> <span class='ocrx_word' id='word_1_144' title='bbox 518 1574 680 1644; x_wconf 89' lang='lat' dir='ltr'>disputante</span> <span class='ocrx_word' id='word_1_145' title='bbox 706 1575 736 1629; x_wconf 93' lang='lat' dir='ltr'>in</span> <span class='ocrx_word' id='word_1_146' title='bbox 760 1574 903 1630; x_wconf 88' lang='lat' dir='ltr'>codicillos</span> <span class='ocrx_word' id='word_1_147' title='bbox 926 1573 1024 1629; x_wconf 86' lang='lat' dir='ltr'>illatae</span> <span class='ocrx_word' id='word_1_148' title='bbox 1049 1576 1086 1629; x_wconf 92' lang='lat' dir='ltr'>ad</span> <span class='ocrx_word' id='word_1_149' title='bbox 1105 1575 1176 1629; x_wconf 90' lang='lat' dir='ltr'>alios</span> 
     </span>
     <span class='ocr_line' id='line_1_19' title="bbox 165 1654 1177 1724; baseline 0.001 -15"><span class='ocrx_word' id='word_1_150' title='bbox 165 1655 311 1724; x_wconf 90' lang='lat' dir='ltr'>pervenire</span> <span class='ocrx_word' id='word_1_151' title='bbox 329 1658 488 1724; x_wconf 89' lang='lat' dir='ltr'>potuerunt,</span> <span class='ocrx_word' id='word_1_152' title='bbox 502 1671 559 1708; x_wconf 94' lang='lat' dir='ltr'>non</span> <span class='ocrx_word' id='word_1_153' title='bbox 576 1656 675 1709; x_wconf 93' lang='lat' dir='ltr'>tamen</span> <span class='ocrx_word' id='word_1_154' title='bbox 693 1655 835 1710; x_wconf 86' lang='lat' dir='ltr'>curavisse</span> <span class='ocrx_word' id='word_1_155' title='bbox 852 1654 937 1708; x_wconf 86' lang='lat' dir='ltr'>aliam</span> <span class='ocrx_word' id='word_1_156' title='bbox 955 1658 1065 1724; x_wconf 88' lang='lat' dir='ltr'>partem</span> <span class='ocrx_word' id='word_1_157' title='bbox 1084 1673 1177 1724; x_wconf 87' lang='lat' dir='ltr'>gram-</span> 
     </span>
     <span class='ocr_line' id='line_1_20' title="bbox 164 1735 1177 1807; baseline 0.001 -18"><span class='ocrx_word' id='word_1_158' title='bbox 164 1735 300 1804; x_wconf 88' lang='lat' dir='ltr'>maticae,</span> <span class='ocrx_word' id='word_1_159' title='bbox 323 1735 379 1788; x_wconf 88' lang='lat' dir='ltr'>nisi</span> <span class='ocrx_word' id='word_1_160' title='bbox 402 1750 474 1802; x_wconf 89' lang='lat' dir='ltr'>quae</span> <span class='ocrx_word' id='word_1_161' title='bbox 498 1735 664 1789; x_wconf 87' lang='lat' dir='ltr'>versabatur</span> <span class='ocrx_word' id='word_1_162' title='bbox 685 1735 715 1788; x_wconf 91' lang='lat' dir='ltr'>in</span> <span class='ocrx_word' id='word_1_163' title='bbox 740 1735 934 1803; x_wconf 89' lang='lat' dir='ltr'>emendandis,</span> <span class='ocrx_word' id='word_1_164' title='bbox 960 1735 1177 1807; x_wconf 85' lang='lat' dir='ltr'>distinguendis,</span> 
     </span>
     <span class='ocr_line' id='line_1_21' title="bbox 165 1808 1177 1884; baseline 0.003 -16"><span class='ocrx_word' id='word_1_165' title='bbox 165 1814 334 1869; x_wconf 84' lang='lat' dir='ltr'>annotandis</span> <span class='ocrx_word' id='word_1_166' title='bbox 363 1813 554 1884; x_wconf 86' lang='lat' dir='ltr'>scriptoribus.</span> <span class='ocrx_word' id='word_1_167' title='bbox 590 1814 633 1867; x_wconf 85' lang='lat' dir='ltr'>Ex</span> <span class='ocrx_word' id='word_1_168' title='bbox 661 1830 693 1868; x_wconf 90' lang='lat' dir='ltr'>eo</span> <span class='ocrx_word' id='word_1_169' title='bbox 722 1815 847 1883; x_wconf 90' lang='lat' dir='ltr'>sequitur</span> <span class='ocrx_word' id='word_1_170' title='bbox 878 1817 911 1868; x_wconf 89' lang='lat' dir='ltr'>ut</span> <span class='ocrx_word' id='word_1_171' title='bbox 943 1808 1008 1883; x_wconf 82' lang='lat' dir='ltr'>qui</span> <span class='ocrx_word' id='word_1_172' title='bbox 1028 1815 1177 1871; x_wconf 90' lang='lat' dir='ltr'>historiam</span> 
     </span>
     <span class='ocr_line' id='line_1_22' title="bbox 165 1893 1175 1967; baseline 0.002 -19"><span class='ocrx_word' id='word_1_173' title='bbox 165 1893 365 1963; x_wconf 84' lang='lat' dir='ltr'>grammaticae</span> <span class='ocrx_word' id='word_1_174' title='bbox 379 1894 486 1966; x_wconf 85' lang='lat' dir='ltr'>latinae</span> <span class='ocrx_word' id='word_1_175' title='bbox 496 1893 664 1961; x_wconf 90' lang='lat' dir='ltr'>describant,</span> <span class='ocrx_word' id='word_1_176' title='bbox 679 1895 786 1950; x_wconf 88' lang='lat' dir='ltr'>Valerii</span> <span class='ocrx_word' id='word_1_177' title='bbox 796 1895 882 1950; x_wconf 92' lang='lat' dir='ltr'>Probi</span> <span class='ocrx_word' id='word_1_178' title='bbox 890 1912 992 1949; x_wconf 93' lang='lat' dir='ltr'>nomen</span> <span class='ocrx_word' id='word_1_179' title='bbox 1002 1894 1061 1949; x_wconf 91' lang='lat' dir='ltr'>sine</span> <span class='ocrx_word' id='word_1_180' title='bbox 1071 1913 1175 1967; x_wconf 81' lang='lat' dir='ltr'>magno</span> 
     </span>
     <span class='ocr_line' id='line_1_23' title="bbox 167 1973 1177 2046; baseline 0.002 -18"><span class='ocrx_word' id='word_1_181' title='bbox 167 1975 334 2031; x_wconf 90' lang='lat' dir='ltr'>detrimento</span> <span class='ocrx_word' id='word_1_182' title='bbox 349 1976 502 2046; x_wconf 90' lang='lat' dir='ltr'>praeterire</span> <span class='ocrx_word' id='word_1_183' title='bbox 516 1973 632 2045; x_wconf 91' lang='lat' dir='ltr'>possint.</span> <span class='ocrx_word' id='word_1_184' title='bbox 661 1980 686 2030; x_wconf 83' lang='lat'>3.</span> <span class='ocrx_word' id='word_1_185' title='bbox 701 1974 881 2029; x_wconf 88' lang='lat' dir='ltr'>Testimoniis</span> <span class='ocrx_word' id='word_1_186' title='bbox 895 1974 980 2030; x_wconf 82' lang='lat' dir='ltr'>Gellii</span> <span class='ocrx_word' id='word_1_187' title='bbox 994 1975 1025 2028; x_wconf 93' lang='lat' dir='ltr'>in</span> <span class='ocrx_word' id='word_1_188' title='bbox 1039 1975 1177 2030; x_wconf 90' lang='lat' dir='ltr'>Noctibus</span> 
     </span>
     <span class='ocr_line' id='line_1_24' title="bbox 165 2054 1176 2125; baseline 0 -15"><span class='ocrx_word' id='word_1_189' title='bbox 165 2056 269 2110; x_wconf 90' lang='lat' dir='ltr'>Atticis</span> <span class='ocrx_word' id='word_1_190' title='bbox 288 2057 372 2111; x_wconf 88' lang='lat' dir='ltr'>fidem</span> <span class='ocrx_word' id='word_1_191' title='bbox 389 2074 446 2111; x_wconf 93' lang='lat' dir='ltr'>non</span> <span class='ocrx_word' id='word_1_192' title='bbox 465 2072 525 2110; x_wconf 89' lang='lat' dir='ltr'>esse</span> <span class='ocrx_word' id='word_1_193' title='bbox 543 2055 710 2123; x_wconf 88' lang='lat' dir='ltr'>habendam,</span> <span class='ocrx_word' id='word_1_194' title='bbox 731 2054 835 2124; x_wconf 89' lang='lat' dir='ltr'>quippe</span> <span class='ocrx_word' id='word_1_195' title='bbox 854 2055 911 2124; x_wconf 88' lang='lat' dir='ltr'>qui,</span> <span class='ocrx_word' id='word_1_196' title='bbox 931 2055 956 2108; x_wconf 90' lang='lat' dir='ltr'>si</span> <span class='ocrx_word' id='word_1_197' title='bbox 974 2055 1043 2123; x_wconf 89' lang='lat' dir='ltr'>quid</span> <span class='ocrx_word' id='word_1_198' title='bbox 1061 2056 1176 2125; x_wconf 88' lang='lat' dir='ltr'>profert,</span> 
     </span>
     <span class='ocr_line' id='line_1_25' title="bbox 168 2134 1177 2205; baseline 0.001 -16"><span class='ocrx_word' id='word_1_199' title='bbox 168 2138 218 2190; x_wconf 87' lang='lat' dir='ltr'>aut</span> <span class='ocrx_word' id='word_1_200' title='bbox 237 2153 266 2190; x_wconf 89' lang='lat' dir='ltr'>se</span> <span class='ocrx_word' id='word_1_201' title='bbox 287 2136 422 2191; x_wconf 79' lang='lat' dir='ltr'>‘audisse’</span> <span class='ocrx_word' id='word_1_202' title='bbox 443 2136 609 2205; x_wconf 88' lang='lat' dir='ltr'>profiteatur</span> <span class='ocrx_word' id='word_1_203' title='bbox 627 2138 677 2188; x_wconf 91' lang='lat' dir='ltr'>aut</span> <span class='ocrx_word' id='word_1_204' title='bbox 699 2134 799 2190; x_wconf 89' lang='lat' dir='ltr'>lectori</span> <span class='ocrx_word' id='word_1_205' title='bbox 822 2135 871 2188; x_wconf 90' lang='lat' dir='ltr'>det</span> <span class='ocrx_word' id='word_1_206' title='bbox 888 2136 975 2189; x_wconf 81' lang='lat' dir='ltr'>verba</span> <span class='ocrx_word' id='word_1_207' title='bbox 993 2135 1045 2203; x_wconf 93' lang='lat' dir='ltr'>(De</span> <span class='ocrx_word' id='word_1_208' title='bbox 1063 2135 1177 2190; x_wconf 86' lang='lat' dir='ltr'>Valerio</span> 
     </span>
     <span class='ocr_line' id='line_1_26' title="bbox 166 2213 1178 2285; baseline 0 -17"><span class='ocrx_word' id='word_1_209' title='bbox 166 2215 256 2270; x_wconf 91' lang='lat' dir='ltr'>Probo</span> <span class='ocrx_word' id='word_1_210' title='bbox 274 2216 389 2285; x_wconf 85' lang='lat' dir='ltr'>Berytio</span> <span class='ocrx_word' id='word_1_211' title='bbox 412 2234 439 2285; x_wconf 87' lang='lat' dir='ltr'>p.</span> <span class='ocrx_word' id='word_1_212' title='bbox 455 2216 561 2285; x_wconf 77' lang='lat'><strong>9-12).</strong></span> <span class='ocrx_word' id='word_1_213' title='bbox 597 2222 623 2269; x_wconf 85' lang='lat'>4.</span> <span class='ocrx_word' id='word_1_214' title='bbox 643 2213 879 2269; x_wconf 72' lang='lat' dir='ltr'>commentarium</span> <span class='ocrx_word' id='word_1_215' title='bbox 902 2213 933 2268; x_wconf 92' lang='lat' dir='ltr'>in</span> <span class='ocrx_word' id='word_1_216' title='bbox 951 2214 1070 2283; x_wconf 83' lang='lat' dir='ltr'>Vergilii</span> <span class='ocrx_word' id='word_1_217' title='bbox 1088 2215 1178 2268; x_wconf 91' lang='lat' dir='ltr'>Buco-</span> 
     </span>
     <span class='ocr_line' id='line_1_27' title="bbox 167 2293 1178 2366; baseline -0.001 -17"><span class='ocrx_word' id='word_1_218' title='bbox 167 2295 224 2350; x_wconf 89' lang='lat' dir='ltr'>lica</span> <span class='ocrx_word' id='word_1_219' title='bbox 242 2298 272 2350; x_wconf 90' lang='lat' dir='ltr'>et</span> <span class='ocrx_word' id='word_1_220' title='bbox 289 2296 427 2366; x_wconf 80' lang='lat' dir='ltr'>Georgica</span> <span class='ocrx_word' id='word_1_221' title='bbox 445 2313 502 2350; x_wconf 91' lang='lat' dir='ltr'>non</span> <span class='ocrx_word' id='word_1_222' title='bbox 520 2311 581 2350; x_wconf 91' lang='lat' dir='ltr'>esse</span> <span class='ocrx_word' id='word_1_223' title='bbox 598 2294 636 2348; x_wconf 88' lang='lat' dir='ltr'>M.</span> <span class='ocrx_word' id='word_1_224' title='bbox 650 2293 757 2348; x_wconf 87' lang='lat' dir='ltr'>Valerii</span> <span class='ocrx_word' id='word_1_225' title='bbox 777 2294 863 2348; x_wconf 90' lang='lat' dir='ltr'>Probi</span> <span class='ocrx_word' id='word_1_226' title='bbox 880 2293 988 2362; x_wconf 87' lang='lat' dir='ltr'>Berytii</span> <span class='ocrx_word' id='word_1_227' title='bbox 1007 2295 1053 2365; x_wconf 89' lang='lat' dir='ltr'>(de</span> <span class='ocrx_word' id='word_1_228' title='bbox 1072 2311 1129 2362; x_wconf 88' lang='lat' dir='ltr'>qua</span> <span class='ocrx_word' id='word_1_229' title='bbox 1146 2310 1178 2348; x_wconf 91' lang='lat' dir='ltr'>re</span> 
     </span>
     <span class='ocr_line' id='line_1_28' title="bbox 167 2373 1177 2444; baseline -0.003 -14"><span class='ocrx_word' id='word_1_230' title='bbox 167 2375 201 2431; x_wconf 85' lang='lat' dir='ltr'>cf.</span> <span class='ocrx_word' id='word_1_231' title='bbox 221 2376 383 2431; x_wconf 89' lang='lat' dir='ltr'>dissertatio</span> <span class='ocrx_word' id='word_1_232' title='bbox 411 2377 442 2432; x_wconf 90' lang='lat' dir='ltr'>B.</span> <span class='ocrx_word' id='word_1_233' title='bbox 461 2373 590 2444; x_wconf 76' lang='lat' dir='ltr'>deleri,</span> <span class='ocrx_word' id='word_1_234' title='bbox 620 2379 687 2428; x_wconf 84' lang='lat'>1881</span> <span class='ocrx_word' id='word_1_235' title='bbox 711 2373 855 2444; x_wconf 85' lang='lat' dir='ltr'>Berolini).</span> <span class='ocrx_word' id='word_1_236' title='bbox 893 2382 916 2430; x_wconf 81' lang='lat' dir='ltr'>t.</span> <span class='ocrx_word' id='word_1_237' title='bbox 940 2374 1037 2428; x_wconf 89' lang='lat' dir='ltr'>Plures</span> <span class='ocrx_word' id='word_1_238' title='bbox 1064 2373 1177 2428; x_wconf 90' lang='lat' dir='ltr'>libellos</span> 
     </span>
     <span class='ocr_line' id='line_1_29' title="bbox 165 2453 1178 2523; baseline -0.002 -13"><span class='ocrx_word' id='word_1_239' title='bbox 165 2456 278 2511; x_wconf 89' lang='lat' dir='ltr'>nomine</span> <span class='ocrx_word' id='word_1_240' title='bbox 305 2455 390 2511; x_wconf 89' lang='lat' dir='ltr'>Probi</span> <span class='ocrx_word' id='word_1_241' title='bbox 417 2471 478 2510; x_wconf 90' lang='lat' dir='ltr'>esse</span> <span class='ocrx_word' id='word_1_242' title='bbox 506 2457 632 2523; x_wconf 88' lang='lat' dir='ltr'>ornatos,</span> <span class='ocrx_word' id='word_1_243' title='bbox 659 2453 708 2522; x_wconf 90' lang='lat' dir='ltr'>qui</span> <span class='ocrx_word' id='word_1_244' title='bbox 735 2471 825 2522; x_wconf 90' lang='lat' dir='ltr'>neque</span> <span class='ocrx_word' id='word_1_245' title='bbox 850 2453 953 2509; x_wconf 86' lang='lat' dir='ltr'>veteris</span> <span class='ocrx_word' id='word_1_246' title='bbox 981 2453 1058 2508; x_wconf 88' lang='lat' dir='ltr'>illius</span> <span class='ocrx_word' id='word_1_247' title='bbox 1086 2469 1178 2521; x_wconf 88' lang='lat' dir='ltr'>neque</span> 
     </span>
     <span class='ocr_line' id='line_1_30' title="bbox 166 2533 1177 2606; baseline 0 -18"><span class='ocrx_word' id='word_1_248' title='bbox 166 2534 282 2591; x_wconf 90' lang='lat' dir='ltr'>iunioris</span> <span class='ocrx_word' id='word_1_249' title='bbox 301 2552 362 2592; x_wconf 89' lang='lat' dir='ltr'>esse</span> <span class='ocrx_word' id='word_1_250' title='bbox 381 2538 499 2606; x_wconf 89' lang='lat' dir='ltr'>possunt</span> <span class='ocrx_word' id='word_1_251' title='bbox 518 2534 563 2603; x_wconf 83' lang='lat' dir='ltr'>(cf.</span> <span class='ocrx_word' id='word_1_252' title='bbox 579 2534 679 2589; x_wconf 87' lang='lat' dir='ltr'>Studia</span> <span class='ocrx_word' id='word_1_253' title='bbox 693 2533 823 2589; x_wconf 82' lang='lat' dir='ltr'>Galliena</span> <span class='ocrx_word' id='word_1_254' title='bbox 841 2553 867 2603; x_wconf 92' lang='lat' dir='ltr'>p.</span> <span class='ocrx_word' id='word_1_255' title='bbox 884 2537 938 2604; x_wconf 78' lang='lat'><strong>25).</strong></span> <span class='ocrx_word' id='word_1_256' title='bbox 962 2534 1004 2588; x_wconf 93' lang='lat' dir='ltr'>De</span> <span class='ocrx_word' id='word_1_257' title='bbox 1024 2533 1088 2587; x_wconf 89' lang='lat' dir='ltr'>aliis</span> <span class='ocrx_word' id='word_1_258' title='bbox 1106 2533 1177 2588; x_wconf 90' lang='lat' dir='ltr'>locis</span> 
     </span>
     <span class='ocr_line' id='line_1_31' title="bbox 166 2612 1178 2686; baseline -0.003 -15"><span class='ocrx_word' id='word_1_259' title='bbox 166 2617 326 2686; x_wconf 90' lang='lat' dir='ltr'>permultis,</span> <span class='ocrx_word' id='word_1_260' title='bbox 346 2618 380 2671; x_wconf 93' lang='lat' dir='ltr'>de</span> <span class='ocrx_word' id='word_1_261' title='bbox 407 2614 509 2684; x_wconf 91' lang='lat' dir='ltr'>quibus</span> <span class='ocrx_word' id='word_1_262' title='bbox 532 2613 562 2667; x_wconf 92' lang='lat' dir='ltr'>in</span> <span class='ocrx_word' id='word_1_263' title='bbox 580 2613 678 2669; x_wconf 93' lang='lat' dir='ltr'>libello</span> <span class='ocrx_word' id='word_1_264' title='bbox 701 2631 763 2668; x_wconf 90' lang='lat' dir='ltr'>meo</span> <span class='ocrx_word' id='word_1_265' title='bbox 782 2614 823 2668; x_wconf 92' lang='lat' dir='ltr'>De</span> <span class='ocrx_word' id='word_1_266' title='bbox 842 2614 955 2670; x_wconf 89' lang='lat' dir='ltr'>Valerio</span> <span class='ocrx_word' id='word_1_267' title='bbox 973 2614 1064 2668; x_wconf 93' lang='lat' dir='ltr'>Probo</span> <span class='ocrx_word' id='word_1_268' title='bbox 1087 2612 1178 2668; x_wconf 84' lang='lat' dir='ltr'>fusius</span> 
     </span>
     <span class='ocr_line' id='line_1_32' title="bbox 168 2693 1178 2766; baseline -0.002 -17"><span class='ocrx_word' id='word_1_269' title='bbox 168 2697 347 2766; x_wconf 88' lang='lat' dir='ltr'>dictumest,</span> <span class='ocrx_word' id='word_1_270' title='bbox 372 2697 425 2750; x_wconf 91' lang='lat' dir='ltr'>hoc</span> <span class='ocrx_word' id='word_1_271' title='bbox 443 2696 505 2749; x_wconf 91' lang='lat' dir='ltr'>loco</span> <span class='ocrx_word' id='word_1_272' title='bbox 523 2711 580 2748; x_wconf 94' lang='lat' dir='ltr'>non</span> <span class='ocrx_word' id='word_1_273' title='bbox 603 2693 703 2750; x_wconf 91' lang='lat' dir='ltr'>dicam.</span> <span class='ocrx_word' id='word_1_274' title='bbox 741 2695 827 2764; x_wconf 85' lang='lat' dir='ltr'>Spero</span> <span class='ocrx_word' id='word_1_275' title='bbox 851 2694 922 2748; x_wconf 89' lang='lat' dir='ltr'>alios</span> <span class='ocrx_word' id='word_1_276' title='bbox 947 2693 991 2747; x_wconf 92' lang='lat' dir='ltr'>his</span> <span class='ocrx_word' id='word_1_277' title='bbox 1010 2693 1178 2763; x_wconf 84' lang='lat' dir='ltr'>fragmentis</span> 
     </span>
     <span class='ocr_line' id='line_1_33' title="bbox 166 2773 1179 2846; baseline 0 -18"><span class='ocrx_word' id='word_1_278' title='bbox 166 2777 303 2830; x_wconf 87' lang='lat' dir='ltr'>Plinianis</span> <span class='ocrx_word' id='word_1_279' title='bbox 331 2774 452 2846; x_wconf 80' lang='lat' dir='ltr'>cognitis</span> <span class='ocrx_word' id='word_1_280' title='bbox 480 2774 553 2828; x_wconf 90' lang='lat' dir='ltr'>hanc</span> <span class='ocrx_word' id='word_1_281' title='bbox 580 2773 774 2841; x_wconf 89' lang='lat' dir='ltr'>quaestionem</span> <span class='ocrx_word' id='word_1_282' title='bbox 800 2774 903 2828; x_wconf 89' lang='lat' dir='ltr'>iterum</span> <span class='ocrx_word' id='word_1_283' title='bbox 928 2775 1117 2843; x_wconf 89' lang='lat' dir='ltr'>suscepturos,</span> <span class='ocrx_word' id='word_1_284' title='bbox 1145 2775 1179 2828; x_wconf 92' lang='lat' dir='ltr'>ut</span> 
     </span>
     <span class='ocr_line' id='line_1_34' title="bbox 167 2851 1177 2926; baseline -0.005 -15"><span class='ocrx_word' id='word_1_285' title='bbox 167 2856 268 2911; x_wconf 90' lang='lat' dir='ltr'>deinde</span> <span class='ocrx_word' id='word_1_286' title='bbox 287 2859 425 2926; x_wconf 87' lang='lat' dir='ltr'>appareat</span> <span class='ocrx_word' id='word_1_287' title='bbox 443 2855 511 2924; x_wconf 90' lang='lat' dir='ltr'>quid</span> <span class='ocrx_word' id='word_1_288' title='bbox 528 2853 710 2924; x_wconf 82' lang='lat' dir='ltr'>cogitandum</span> <span class='ocrx_word' id='word_1_289' title='bbox 725 2853 762 2909; x_wconf 91' lang='lat' dir='ltr'>sit</span> <span class='ocrx_word' id='word_1_290' title='bbox 777 2854 811 2908; x_wconf 89' lang='lat' dir='ltr'>de</span> <span class='ocrx_word' id='word_1_291' title='bbox 825 2853 875 2908; x_wconf 92' lang='lat' dir='ltr'>illo</span> <span class='ocrx_word' id='word_1_292' title='bbox 889 2853 989 2922; x_wconf 90' lang='lat' dir='ltr'>Probo,</span> <span class='ocrx_word' id='word_1_293' title='bbox 1009 2853 1057 2920; x_wconf 90' lang='lat' dir='ltr'>qui</span> <span class='ocrx_word' id='word_1_294' title='bbox 1071 2851 1177 2906; x_wconf 90' lang='lat' dir='ltr'>centies</span> 
     </span>
     <span class='ocr_line' id='line_1_35' title="bbox 167 2932 1179 3006; baseline -0.004 -16"><span class='ocrx_word' id='word_1_295' title='bbox 167 2937 242 3006; x_wconf 90' lang='lat' dir='ltr'>apud</span> <span class='ocrx_word' id='word_1_296' title='bbox 266 2935 436 3006; x_wconf 74' lang='lat' dir='ltr'>charisium,</span> <span class='ocrx_word' id='word_1_297' title='bbox 464 2935 640 3004; x_wconf 91' lang='lat' dir='ltr'>Diomedem,</span> <span class='ocrx_word' id='word_1_298' title='bbox 663 2934 839 2988; x_wconf 89' lang='lat' dir='ltr'>Priscianum</span> <span class='ocrx_word' id='word_1_299' title='bbox 861 2934 1002 2988; x_wconf 89' lang='lat' dir='ltr'>laudatur.</span> <span class='ocrx_word' id='word_1_300' title='bbox 1038 2932 1179 3000; x_wconf 84' lang='lat' dir='ltr'>Equidem</span> 
     </span>
     <span class='ocr_line' id='line_1_36' title="bbox 165 3012 1178 3086; baseline -0.006 -14"><span class='ocrx_word' id='word_1_301' title='bbox 165 3016 275 3072; x_wconf 93' lang='lat' dir='ltr'>nullum</span> <span class='ocrx_word' id='word_1_302' title='bbox 292 3017 483 3086; x_wconf 80' lang='lat' dir='ltr'>fragmentum</span> <span class='ocrx_word' id='word_1_303' title='bbox 502 3031 597 3070; x_wconf 89' lang='lat' dir='ltr'>eruere</span> <span class='ocrx_word' id='word_1_304' title='bbox 615 3013 704 3083; x_wconf 87' lang='lat' dir='ltr'>potui,</span> <span class='ocrx_word' id='word_1_305' title='bbox 724 3012 783 3068; x_wconf 83' lang='lat' dir='ltr'>sive</span> <span class='ocrx_word' id='word_1_306' title='bbox 796 3013 882 3067; x_wconf 91' lang='lat' dir='ltr'>Plinii</span> <span class='ocrx_word' id='word_1_307' title='bbox 895 3012 1007 3067; x_wconf 90' lang='lat' dir='ltr'>nomine</span> <span class='ocrx_word' id='word_1_308' title='bbox 1022 3014 1083 3066; x_wconf 90' lang='lat' dir='ltr'>erat</span> <span class='ocrx_word' id='word_1_309' title='bbox 1097 3027 1178 3066; x_wconf 92' lang='lat' dir='ltr'>orna-</span> 
     </span>
     <span class='ocr_line' id='line_1_37' title="bbox 167 3091 1179 3164; baseline -0.005 -13"><span class='ocrx_word' id='word_1_310' title='bbox 167 3101 228 3151; x_wconf 89' lang='lat' dir='ltr'>tum</span> <span class='ocrx_word' id='word_1_311' title='bbox 248 3097 306 3153; x_wconf 86' lang='lat' dir='ltr'>sive</span> <span class='ocrx_word' id='word_1_312' title='bbox 331 3099 408 3151; x_wconf 88' lang='lat' dir='ltr'>certa</span> <span class='ocrx_word' id='word_1_313' title='bbox 431 3094 554 3164; x_wconf 85' lang='lat' dir='ltr'>vestigia</span> <span class='ocrx_word' id='word_1_314' title='bbox 577 3093 692 3163; x_wconf 84' lang='lat' dir='ltr'>originis</span> <span class='ocrx_word' id='word_1_315' title='bbox 715 3093 862 3148; x_wconf 89' lang='lat' dir='ltr'>Plinianae</span> <span class='ocrx_word' id='word_1_316' title='bbox 885 3093 913 3146; x_wconf 90' lang='lat' dir='ltr'>in</span> <span class='ocrx_word' id='word_1_317' title='bbox 937 3093 1029 3147; x_wconf 86' lang='lat' dir='ltr'>fronte</span> <span class='ocrx_word' id='word_1_318' title='bbox 1052 3091 1179 3162; x_wconf 83' lang='lat' dir='ltr'>gerebat,</span> 
     </span>
     <span class='ocr_line' id='line_1_38' title="bbox 165 3171 1178 3247; baseline -0.006 -15"><span class='ocrx_word' id='word_1_319' title='bbox 165 3176 196 3231; x_wconf 91' lang='lat' dir='ltr'>in</span> <span class='ocrx_word' id='word_1_320' title='bbox 223 3195 278 3247; x_wconf 91' lang='lat' dir='ltr'>quo</span> <span class='ocrx_word' id='word_1_321' title='bbox 303 3175 389 3230; x_wconf 90' lang='lat' dir='ltr'>Probi</span> <span class='ocrx_word' id='word_1_322' title='bbox 416 3192 529 3229; x_wconf 90' lang='lat' dir='ltr'>manum</span> <span class='ocrx_word' id='word_1_323' title='bbox 557 3190 708 3243; x_wconf 86' lang='lat' dir='ltr'>agnoscere</span> <span class='ocrx_word' id='word_1_324' title='bbox 735 3172 807 3227; x_wconf 91' lang='lat' dir='ltr'>mihi</span> <span class='ocrx_word' id='word_1_325' title='bbox 835 3172 963 3243; x_wconf 86' lang='lat' dir='ltr'>contigit.</span> <span class='ocrx_word' id='word_1_326' title='bbox 1005 3173 1042 3227; x_wconf 84' lang='lat' dir='ltr'>Et</span> <span class='ocrx_word' id='word_1_327' title='bbox 1068 3171 1178 3226; x_wconf 91' lang='lat' dir='ltr'>Plinius</span> 
     </span>
     <span class='ocr_line' id='line_1_39' title="bbox 167 3251 1180 3322; baseline -0.009 -10"><span class='ocrx_word' id='word_1_328' title='bbox 167 3261 295 3312; x_wconf 89' lang='lat' dir='ltr'>auctores</span> <span class='ocrx_word' id='word_1_329' title='bbox 318 3274 383 3311; x_wconf 91' lang='lat' dir='ltr'>suos</span> <span class='ocrx_word' id='word_1_330' title='bbox 406 3254 533 3309; x_wconf 85' lang='lat' dir='ltr'>indicere</span> <span class='ocrx_word' id='word_1_331' title='bbox 555 3271 611 3308; x_wconf 93' lang='lat' dir='ltr'>non</span> <span class='ocrx_word' id='word_1_332' title='bbox 633 3258 757 3322; x_wconf 82' lang='lat' dir='ltr'>veretur,</span> <span class='ocrx_word' id='word_1_333' title='bbox 784 3254 859 3321; x_wconf 91' lang='lat' dir='ltr'>quod</span> <span class='ocrx_word' id='word_1_334' title='bbox 882 3252 990 3322; x_wconf 89' lang='lat' dir='ltr'>etipse</span> <span class='ocrx_word' id='word_1_335' title='bbox 1008 3253 1130 3306; x_wconf 90' lang='lat' dir='ltr'>testatur</span> <span class='ocrx_word' id='word_1_336' title='bbox 1147 3251 1180 3304; x_wconf 92' lang='lat' dir='ltr'>in</span> 
     </span>
     <span class='ocr_line' id='line_1_40' title="bbox 166 3332 1178 3406; baseline -0.004 -16"><span class='ocrx_word' id='word_1_337' title='bbox 166 3337 341 3406; x_wconf 88' lang='lat' dir='ltr'>praefatione</span> <span class='ocrx_word' id='word_1_338' title='bbox 364 3336 399 3392; x_wconf 88' lang='lat' dir='ltr'>N.</span> <span class='ocrx_word' id='word_1_339' title='bbox 418 3335 452 3392; x_wconf 91' lang='lat' dir='ltr'>H.</span> <span class='ocrx_word' id='word_1_340' title='bbox 472 3341 505 3389; x_wconf 77' lang='lat'>21</span> <span class='ocrx_word' id='word_1_341' title='bbox 527 3336 588 3389; x_wconf 84' lang='lat' dir='ltr'>‘est</span> <span class='ocrx_word' id='word_1_342' title='bbox 610 3334 684 3388; x_wconf 90' lang='lat' dir='ltr'>enim</span> <span class='ocrx_word' id='word_1_343' title='bbox 706 3333 860 3403; x_wconf 84' lang='lat' dir='ltr'>benignum</span> <span class='ocrx_word' id='word_1_344' title='bbox 879 3375 991 3388; x_wconf 91' lang='lat'><strong>.....</strong></span> <span class='ocrx_word' id='word_1_345' title='bbox 1011 3334 1042 3387; x_wconf 89' lang='lat' dir='ltr'>et</span> <span class='ocrx_word' id='word_1_346' title='bbox 1061 3332 1178 3401; x_wconf 91' lang='lat' dir='ltr'>plenum</span> 
     </span>
     <span class='ocr_line' id='line_1_41' title="bbox 168 3412 864 3486; baseline -0.001 -16"><span class='ocrx_word' id='word_1_347' title='bbox 168 3417 283 3486; x_wconf 84' lang='lat' dir='ltr'>ingenui</span> <span class='ocrx_word' id='word_1_348' title='bbox 300 3415 415 3486; x_wconf 90' lang='lat' dir='ltr'>pudoris</span> <span class='ocrx_word' id='word_1_349' title='bbox 433 3414 518 3470; x_wconf 87' lang='lat' dir='ltr'>fateri</span> <span class='ocrx_word' id='word_1_350' title='bbox 535 3431 585 3486; x_wconf 91' lang='lat' dir='ltr'>per</span> <span class='ocrx_word' id='word_1_351' title='bbox 604 3431 674 3482; x_wconf 88' lang='lat' dir='ltr'>quos</span> <span class='ocrx_word' id='word_1_352' title='bbox 693 3412 864 3483; x_wconf 90' lang='lat' dir='ltr'>profeceris’.</span> 
     </span>
    </p>

    <p class='ocr_par' dir='ltr' id='par_1_4' title="bbox 227 3492 1180 3564">
     <span class='ocr_line' id='line_1_42' title="bbox 227 3492 1180 3564; baseline 0.004 -20"><span class='ocrx_word' id='word_1_353' title='bbox 227 3493 311 3553; x_wconf 72' lang='lat' dir='ltr'>Quod</span> <span class='ocrx_word' id='word_1_354' title='bbox 335 3495 377 3546; x_wconf 84' lang='lat' dir='ltr'>ad</span> <span class='ocrx_word' id='word_1_355' title='bbox 398 3494 561 3549; x_wconf 85' lang='lat' dir='ltr'>Remmium</span> <span class='ocrx_word' id='word_1_356' title='bbox 584 3493 798 3564; x_wconf 87' lang='lat' dir='ltr'>Palaemonem,</span> <span class='ocrx_word' id='word_1_357' title='bbox 825 3492 1106 3548; x_wconf 81' lang='lat' dir='ltr'>animadvertendum</span> <span class='ocrx_word' id='word_1_358' title='bbox 1134 3493 1180 3548; x_wconf 91' lang='lat' dir='ltr'>est</span> 
     </span>
    </p>
   </div>
   <div class='ocr_carea' id='block_1_3' title="bbox 0 0 1236 3840">
    <p class='ocr_par' dir='ltr' id='par_1_5' title="bbox 0 0 1236 3840">
     <span class='ocr_line' id='line_1_43' title="bbox 0 0 1236 3840; baseline 0 0"><span class='ocrx_word' id='word_1_359' title='bbox 0 0 1236 3840; x_wconf 95' lang='lat' dir='ltr'> </span> 
     </span>
    </p>
   </div>
  </div>
 </body>
</html>
