2460 3840
119 139 145 192 X
402 137 652 193 Commentariolus
670 138 840 209 isagogicas.

120 280 162 334 De
193 280 283 335 Ennio
315 279 451 334 cotidiani
484 279 618 335 sermonis
649 280 788 335 vocabula
821 282 973 337 adhibente
1004 283 1130 352 loquitur

83 359 88 366 '
122 360 217 415 Cicero
236 360 282 416 Or.
296 366 338 430 31,
355 366 405 414 109
429 377 485 431 „an
503 377 555 430 ego
573 362 707 430 Homero,
726 360 829 430 Ennio,
847 362 963 430 reliquis
986 362 1078 432 poetis
1102 365 1130 417 et

121 440 242 494 maxime
267 441 383 510 tragicis
407 441 601 509 concederem,
623 441 656 494 ut
674 480 787 496 .....
806 457 1015 509 nonnumquam
1043 440 1130 495 etiam

123 520 160 574 ad
178 519 350 575 cotidianum
368 537 456 590 genus
476 519 610 574 sermonis
634 520 829 588 accederent“;
851 522 998 589 praeterea
1016 519 1129 590 Fr0nto,

123 615 166 669 ep.
186 602 223 655 ad
240 602 345 656 Verum
362 603 376 656 I
393 619 420 670 p.
437 605 488 654 114
507 599 541 654 N.
565 617 582 653 a
601 615 655 667 quo
674 598 781 654 Ennius
801 599 1012 656 ‘multiformis'
1033 602 1130 671 appel-

120 678 205 736 latur.
240 681 362 735 Ennium
383 680 527 750 peculiare
548 694 618 748 opus
642 679 677 732 de
694 679 777 734 rebus
801 681 837 734 ad
860 678 987 750 linguam
1010 680 1132 736 latinam

121 760 328 829 pertinentibus
350 777 407 814 non
430 758 574 828 scripsisse
598 760 674 828 apud
698 775 793 815 omnes
817 761 936 816 constat.
973 761 1014 816 De
1038 762 1131 816 ortho-

123 841 244 910 graphia
269 840 338 909 quid
365 839 504 894 censuerit
527 840 556 893 et
580 838 649 908 quid
671 839 847 910 praeceperit
869 840 1037 895 sententiam
1059 841 1131 896 ferre

120 937 177 975 non
190 937 347 990 possumus,
360 921 510 990 propterea
523 920 599 987 quod
613 936 698 988 opera
707 919 837 974 Enniana
850 922 956 975 vestem
971 938 1027 990 qua
1038 921 1132 976 induit

123 1016 157 1054 ea
166 1003 251 1068 poeta
261 999 582 1070 deposueruntfflitschl,
593 998 645 1067 Op.
651 1001 687 1069 4).
705 998 841 1054 Novimus
849 1000 970 1055 Ennium
979 1017 1132 1056 consonan-

122 1079 195 1134 tium
217 1079 437 1149 geminationem
461 1078 712 1149 commendavisse,
734 1079 836 1133 Accius
862 1079 1004 1135 scribebat
1021 1081 1131 1135 vocales

123 1160 249 1228 duplices
263 1177 314 1229 pro
328 1176 384 1213 una
398 1160 484 1228 longa
498 1160 589 1229 (Op.4
602 1176 629 1227 p.
640 1164 710 1229 142),
726 1160 761 1213 de
775 1176 832 1228 qua
845 1177 875 1214 re
889 1160 1012 1216 Lucilius
1027 1160 1085 1217 Sat.
1093 1161 1133 1216 IX

123 1254 186 1292 eum
204 1238 392 1307 reprehendit,
410 1237 471 1307 ipse
489 1254 545 1292 non
563 1238 655 1293 minus
671 1238 886 1308 reprehensione
901 1239 1011 1311 dignus,
1026 1241 1131 1311 quippe

122 1318 173 1387 qui
189 1320 281 1387 genet.
302 1321 332 1372 et
349 1319 407 1375 dat.
423 1316 593 1388 singularem
611 1319 812 1374 vocabulorum
831 1325 855 1376 1.
871 1321 942 1375 decl.
961 1321 991 1375 in
1009 1324 1039 1376 at
1057 1320 1132 1375 exire

122 1400 217 1470 vellet,
236 1399 339 1454 nomin.
358 1398 429 1469 plur.
448 1397 479 1450 in
497 1415 536 1468 oe,
555 1415 628 1453 nom.
643 1397 714 1467 plur.
731 1405 755 1454 2.
771 1400 841 1456 decl.
860 1399 891 1454 in
908 1403 934 1456 et
952 1401 1132 1469 eiusdemque

124 1479 234 1550 generis
253 1480 344 1549 plura.
379 1479 464 1533 Porro
483 1477 579 1532 studia
596 1477 679 1532 huius
698 1477 753 1532 viri
770 1479 956 1533 versabantur
974 1479 1005 1533 in
1023 1479 1133 1534 assimi-

124 1560 231 1616 latione
257 1558 510 1629 praepositionum,
538 1574 590 1612 nec
618 1557 710 1612 minus
733 1557 764 1612 in
791 1558 950 1615 differentia
975 1560 1132 1615 verborum.

124 1641 300 1695 Praecedunt
318 1637 519 1708 grammaticae
537 1637 644 1692 latinae
659 1637 741 1706 quasi
759 1641 905 1707 parentem
918 1639 956 1693 M.
971 1639 1133 1694 Terentium

123 1719 278 1774 Varronem
296 1717 328 1783 Q.
342 1718 471 1772 Valerius
491 1717 611 1772 Soranus
632 1720 661 1772 et
678 1718 707 1773 L.
728 1717 825 1772 Aelius
844 1718 1031 1773 Praeconinus
1052 1719 1133 1789 Stilo,

123 1799 258 1854 Varronis
281 1798 428 1868 magister,
448 1797 497 1866 qui
515 1797 672 1853 Stoicorum
694 1797 874 1867 disciplinam
895 1798 927 1853 in
950 1798 1050 1852 studiis
1075 1797 1132 1852 suis

18 1939 21 1943 ⁴
125 1878 319 1949 etymologicis
348 1878 526 1947 sequebatur.
561 1878 632 1932 Tum
659 1879 688 1934 L.
717 1877 861 1933 Cornelius
890 1878 1019 1949 Sisenna,
1050 1895 1133 1947 quam

126 1961 245 2015 eundem
264 1975 325 2013 esse
343 1961 429 2026 atquo
447 1957 663 2027 grammaticum
680 1957 761 2012 illum
781 1958 918 2027 suspicari
935 1975 988 2028 me,
1002 1958 1061 2013 iam
1075 1957 1132 2013 alio

123 2040 184 2095 loco
199 2038 414 2093 commemoravi
420 2039 448 2108 ¹),
462 2039 492 2092 L.
502 2037 610 2092 Plotius
620 2037 726 2106 Gallus,
746 2036 844 2092 Sevius
854 2037 986 2107 Nicanor,
1000 2037 1131 2093 Aurelius

126 2119 235 2190 Opilius
255 2119 367 2189 aliique.
394 2118 472 2173 Haec
490 2117 619 2187 quamvis
638 2117 806 2186 pervulgata
825 2134 857 2173 eo
877 2118 998 2188 disputo,
1017 2120 1050 2173 ut
1067 2120 1133 2172 ante

124 2201 279 2255 Varronem
307 2200 443 2267 quantum
471 2197 585 2267 linguae
608 2197 714 2256 latinae
738 2197 856 2252 scientia
878 2197 923 2252 his
946 2197 1046 2252 studiis
1070 2213 1133 2266 pro·

124 2279 223 2335 fecerit
249 2278 280 2332 in
306 2277 469 2333 memoriam
496 2294 631 2333 revocem.
667 2278 701 2331 In
727 2278 781 2332 hac
807 2293 838 2332 re
865 2276 958 2347 ipsum
980 2277 1133 2331 Varronem

62 2421 67 2431 ¹
125 2360 261 2414 habemns
280 2360 383 2413 testem
400 2358 431 2411 in
448 2357 528 2411 libris
547 2357 748 2427 grammaticis.
776 2359 876 2426 ltaque
893 2373 950 2411 non
967 2359 1027 2410 tam
1041 2371 1132 2425 gram-

124 2439 244 2495 maticos
273 2455 389 2510 graecos
412 2455 497 2507 quam
524 2437 628 2492 latinos
651 2437 820 2492 Graecorum
843 2453 909 2492 sane
932 2435 1060 2491 doctrina
1082 2434 1133 2489 im-

124 2521 208 2576 butos
227 2536 291 2575 eum
310 2517 390 2587 sequi
408 2517 625 2572 existimandum
644 2520 694 2574 est.
1038 2575 1039 2580 ,

196 2598 329 2654 Varronis
349 2615 434 2667 opera
448 2615 520 2667 quae
540 2599 576 2652 ad
594 2597 723 2668 linguam
741 2597 861 2652 latinam
879 2597 1022 2667 pertinent
1036 2595 1134 2666 stipsi

126 2683 155 2736 et
172 2678 307 2735 Romanis
326 2695 433 2732 summo
452 2678 552 2733 honori
572 2682 649 2749 sunt,
669 2694 741 2747 quae
760 2678 874 2746 quidem
897 2694 948 2748 per
964 2677 1056 2732 multa
1075 2693 1133 2730 sae-

126 2761 190 2815 cula
217 2758 346 2814 omnibus
374 2760 469 2812 essent
495 2773 598 2827 magno
627 2757 761 2814 subsidio.
797 2757 938 2812 Praeclari
969 2758 1031 2812 erat
1057 2756 1133 2809 illius

127 2839 237 2910 generis
251 2837 404 2906 hominurn,
419 2836 468 2906 qui
481 2837 595 2908 egregia
608 2837 751 2908 memoria,
766 2837 863 2906 magni
876 2836 981 2892 laboris
996 2852 1134 2891 summae·

128 2935 181 2988 que
199 2917 355 2972 industriae
374 2918 477 2987 vixque
497 2918 644 2986 aequanda
662 2917 872 2986 perseverantia
886 2917 921 2972 de
935 2915 1032 2970 multis
1050 2915 1133 2969 rebus

126 2999 218 3054 multa
236 3001 265 3052 et
283 2997 429 3052 elaborata
446 2998 569 3067 proferre
587 2997 665 3051 nullo
684 2995 798 3065 negotio
816 2995 932 3066 possint.

197 3078 324 3132 Favebat
342 3077 369 3131 ei
386 3077 502 3146 longum
520 3077 597 3132 vitae
614 3079 725 3147 tempus
744 3094 761 3131 a
784 3077 828 3131 dis
848 3076 944 3145 aequis
963 3091 1133 3143 conoessum,

127 3174 299 3229 quamquam
322 3174 417 3211 omnes
440 3156 499 3211 fere
522 3159 597 3211 artes
621 3159 650 3211 et
673 3155 836 3226 disciplinas
864 3158 924 3210 tum
952 3154 1079 3224 cognitas
1104 3153 1135 3207 in

127 3240 219 3295 medio
238 3238 308 3293 belli
329 3237 453 3292 tumultu
477 3239 505 3292 et
528 3236 613 3291 armis
637 3235 766 3292 civilibus
790 3235 946 3292 exercebat.
981 3234 1080 3288 Libros
1100 3234 1135 3288 de

128 3320 225 3389 lingna
243 3318 334 3373 latina
353 3316 466 3387 scripsit
480 3333 566 3371 annos
585 3317 643 3372 tere
658 3316 840 3386 septuaginta
854 3318 947 3370 natus.
970 3314 1034 3369 Non
1047 3313 1136 3384 igitur

185 3509 209 3550 J)
221 3506 287 3546 Strrd.
304 3507 412 3547 Galliena
424 3518 446 3555 p.
457 3508 489 3547 23.
