2460 3840
199 152 241 207 De
260 151 462 223 orthographia
480 152 539 206 sive
558 153 593 207 de
612 151 705 206 dubiis
723 151 868 206 nominum
885 151 991 207 formis.
1059 153 1101 217 57

156 303 193 362 K.
211 304 256 362 IV
276 306 349 380 212,
369 305 388 361 4
416 303 585 381 Fatigati
613 321 651 361 an
674 302 816 380 fatigati?
839 303 947 363 melius
970 304 1101 383 fetigati,

92 392 174 470 quod
195 392 291 471 fatigo
315 393 434 452 dicatur
456 396 487 452 et
505 392 586 469 fessi,
609 411 669 451 non
687 391 769 450 fassi.
802 392 875 450 fassi
894 395 995 452 autem
1013 412 1100 470 prae·

89 482 181 541 terito
205 484 340 559 tempore
364 482 523 557 confessos,
545 499 606 540 non
628 481 773 559 fatigatos
797 479 954 558 signifieat.

157 570 192 629 K.
206 570 250 629 IV
270 573 343 648 212,
360 570 378 629 5
399 571 567 629 Minister
585 588 623 627 an
641 568 847 629 ministrator?
861 569 999 628 minister
1013 573 1100 631 cotti-

90 658 171 718 diani
200 659 292 719 offioii
318 658 440 718 videtur
467 677 544 735 esse,
567 659 756 718 ministrator
785 662 888 718 autem
914 659 1099 719 0101011011-
1128 673 1140 714 5

90 751 202 807 strator
232 749 264 806 in
291 766 323 806 00
350 747 473 824 publiea
499 748 549 807 vel
581 748 701 825 saepius
729 747 803 825 quid
831 747 954 807 faoiens.
994 748 1098 826 itaque

90 836 192 897 010000
221 837 355 896 oratione
384 836 516 895 secunda
537 855 592 913 pro
617 835 754 897 Cornelio
778 855 869 910 quare
890 839 1032 896 hominem
1054 842 1098 898 10-

86 944 223 1001 pcyaere
244 944 304 985 con
326 926 472 994 1001000001,
495 927 554 985 cosi
575 928 692 985 remotis
713 929 967 986 mootretore'bcs.

154 1014 190 1073 K.
209 1014 253 1073 IV
278 1017 356 1090 212,
377 1017 417 1075 10
450 1015 567 1073 Nasus
596 1014 653 1073 hio
677 1034 715 1073 an
738 1015 794 1074 hoo
816 1014 943 1074 nasum?
980 1015 1099 1093 antiqui

89 1104 270 1162 neutraliter
302 1102 455 1180 dicebant,
490 1104 595 1181 itaque
627 1103 787 1163 Lucretius
818 1122 926 1164 cosam
957 1105 1101 1165 diductius
1115 1118 1141 1158 1⁰

90 1211 177 1266 quam
198 1194 331 1267 coactius
352 1195 445 1267 poeto
467 1195 574 1252 vetlem.
613 1193 666 1269 qui
692 1211 772 1251 nuno
798 1193 964 1252 masculino
992 1213 1100 1271 genere

91 1281 210 1340 dieitur.
247 1300 317 1340 nam
341 1280 443 1341 010000
466 1299 559 1341 cesus
580 1283 690 1356 itaque,
713 1283 763 1355 qui
789 1282 922 1341 diductus
941 1287 994 1350 est,
1017 1286 1102 1356 quaet

91 1388 194 1430 meres
216 1373 306 1430 ocutis
327 1373 492 1430 interiectus
510 1388 569 1430 esse
591 1371 730 1430 uideatur.

157 1459 193 1517 K.
208 1459 251 1518 IV
271 1462 345 1537 212,
361 1462 400 1518 21
427 1459 630 1535 Scrupulus
649 1459 706 1517 hio
725 1476 763 1517 an
783 1460 813 1516 et
830 1457 886 1518 hoo
905 1459 1101 1535 scrupulum?

91 1548 275 1607 consuetudo
295 1548 417 1625 quidem
430 1548 486 1606 hoc
501 1548 685 1624 scrupulum,
705 1547 824 1606 erudita
837 1566 909 1607 vero
923 1547 1003 1606 hunc
1018 1566 1099 1606 soru-
1114 1561 1139 1602 15

89 1639 198 1714 pulum
227 1637 311 1698 dixit.
352 1635 455 1696 010000
482 1656 537 1713 pro
562 1635 652 1696 Sexto
675 1636 796 1712 Roscio,
824 1654 893 1695 oum
919 1637 1102 1696 mentionem

91 1724 277 1804 Chrysogoni
300 1726 467 1784 1001110000
484 1727 540 1785 se'be‘
558 1727 735 1798 scrupulosa,
759 1728 808 1799 que·
829 1743 860 1785 se
878 1726 939 1785 dies
956 1743 991 1785 ec
1008 1731 1102 1786 noctes

84 1818 200 1889 pungit,
223 1819 257 1874 ut
278 1815 405 1873 ecettete's
422 1814 566 1890 postulet:
587 1814 667 1872 idem
689 1834 744 1889 pro
764 1813 902 1874 Cluentio
920 1815 1000 1875 huno
1020 1833 1100 1874 scru-

90 1903 197 1980 pulum
225 1903 306 1962 dicit.
347 1905 417 1979 post
444 1902 530 1961 ouius
558 1903 770 1962 auctoritatem
798 1923 885 1963 nemo
914 1903 1100 1964 dubitaverit

90 1993 171 2050 huno
190 1991 365 2067 scrupulum
383 1991 490 2064 dicere,
510 1993 541 2050 ot
560 1993 639 2068 quod
653 1991 686 2049 in
700 1992 848 2051 eiusmodi
862 1993 1100 2069 quaestiunculis
1114 2007 1141 2047 ao

92 2081 167 2139 nihil
189 2082 291 2157 potest
313 2080 461 2155 analogia.
497 2099 567 2139 nam
591 2081 749 2140 Terentius
774 2086 805 2141 et
830 2082 902 2140 meac
922 2098 1000 2140 esces
1022 2099 1101 2140 seru-

86 2172 180 2245 petes
203 2172 289 2228 etiem
310 2187 389 2228 000000
410 2173 509 2238 restat,
532 2173 582 2243 qut
603 2188 648 2229 me
670 2172 745 2229 caete
766 2171 857 2228 tutet.

158 2259 195 2318 K.
209 2258 253 2316 IV
269 2260 340 2332 212,
357 2260 399 2318 30
419 2257 559 2317 Salitor
577 2278 615 2316 an
634 2257 748 2318 salter?
772 2257 852 2334 quod
866 2256 1018 2317 salitorem
1033 2277 1099 2317 eru-

94 2347 157 2406 dita
171 2348 356 2407 consuetudo
372 2350 402 2406 et
415 2346 510 2424 proba
524 2348 690 2405 auotoritas
703 2347 825 2419 iudicat,
845 2345 951 2405 salitor
965 2347 1099 2406 dicimus.

91 2436 225 2514 alioquin
248 2437 326 2496 ratio
350 2435 507 2513 analogiae
530 2455 585 2512 pro
609 2436 704 2494 altero
729 2439 775 2493 est
798 2483 804 2494 .
829 2482 836 2495 .
861 2481 867 2492 .
1115 2450 1141 2490 00

159 2524 369 2603 eh.124,12
399 2523 542 2583 Oretum
571 2522 673 2582 010000
702 2524 940 2583 Tusculanarum
970 2524 1047 2585 libro
1070 2525 1102 2583 H

92 2612 210 2673 Oretum
232 2616 318 2688 10910,
346 2613 495 2673 Cretenses
516 2613 633 2672 Ennius
656 2615 692 2672 ut
714 2613 811 2672 Varro
838 2612 915 2672 libro
938 2613 954 2671 I
980 2614 1017 2672 de
1041 2632 1100 2673 ser-

90 2721 176 2762 mone
199 2702 308 2762 Latino
331 2703 442 2762 scribit.

158 2790 210 2853 Oh.
232 2793 303 2864 143,
325 2795 342 2852 9
369 2791 655 2870 Saguntinorum
678 2789 811 2865 Coelius,
835 2790 1017 2869 Seguntium
1036 2792 1100 2852 Sal-

89 2881 213 2957 lustius,
236 2883 272 2940 ut
293 2880 407 2940 Paulus
429 2881 460 2939 in
485 2878 580 2939 Coelii
602 2879 729 2939 historia
747 2879 823 2940 libro
847 2880 863 2939 I
885 2883 981 2940 notat.
1115 2894 1141 2935 ³⁰

157 2969 320 3029 Praeterea
344 2970 380 3027 of.
404 2967 611 3045 Oh.100,1e
640 2969 745 3046 eliens,
777 2971 889 3042 71,12
918 2969 1100 3047 contagium,

92 3062 146 3137 94,
169 3062 186 3119 9
210 3062 414 3135 praetextum,
439 3060 494 3129 73,
516 3060 533 3115 7
561 3058 765 3135 pulmentum,
791 3060 904 3136 102,1
931 3057 1041 3117 cilones
1070 3060 1101 3116 et

91 3146 142 3207 Oh.
169 3150 241 3225 118,
262 3151 290 3224 7,
311 3150 343 3222 9,
369 3149 493 3224 119,1,
519 3149 591 3222 121,
612 3150 644 3220 0,
672 3149 813 3225 122,18.
