2460 3840
131 151 152 215 2
344 153 385 207 De
404 151 534 222 genetivo
554 152 690 224 singulari
707 153 738 207 in
757 172 788 209 as
806 171 856 210 exe
895 157 933 210 te.
976 201 977 205 ,

199 302 250 363 ch.
276 306 352 379 118,
373 305 413 363 33
442 303 643 381 Aqualium
671 323 710 363 an
732 307 834 382 potius
862 306 1053 384 aquarium
1082 307 1144 367 dici

130 392 240 451 debeat
258 393 379 470 quaerit
397 393 514 452 Plinius
530 393 686 454 Secundus
706 397 736 454 st
753 397 851 471 putat,
870 398 906 454 ut
924 397 1051 454 laterale
1065 397 1144 456 late-

129 481 250 559 ranum,
274 483 390 542 scutale
409 481 583 560 scutarium,
607 486 637 542 st
654 485 794 542 manuale
814 502 927 558 saxum,
949 485 1144 544 manuarium

128 589 191 649 vas,
214 571 302 647 proin
326 570 444 648 aqualis
468 572 629 649 aquarium
651 572 718 631 dici.

102 670 115 710 5
195 659 223 718 K
241 659 359 737 V185,
375 661 415 718 18
437 707 443 718 .
459 707 464 718 .
481 708 487 720 .
504 708 510 719 .
525 661 578 720 sed
595 660 713 720 Plinius
728 661 883 720 Secundus
901 661 1037 720 inlibris
1056 661 1144 722 dubii

129 749 274 809 sermonis
301 749 346 807 ita
374 749 532 825 expressit:
559 743 654 808 ‘mille
677 769 737 809 neu
756 750 898 809 debemus
921 751 1011 809 aliter
1033 751 1144 830 dicere,

128 837 187 897 nisi
209 856 264 914 per
285 836 441 914 geminum
464 830 498 896 l'.

195 925 247 986 Oh.
268 928 318 1004 75,
333 918 404 1006 4(?)
425 926 573 1004 Servus,
593 945 707 1000 cervus,
726 928 838 1005 vulgus
856 947 874 986 a
893 927 1072 1005 quibusdam
1085 948 1144 1005 per

127 1034 148 1073 a
171 1017 202 1073 et
225 1033 253 1091 ο,
281 1014 423 1075 videlicet
450 1016 522 1092 qnia
550 1015 627 1075 duae
654 1017 773 1076 vocales
800 1016 961 1094 geminari,
988 1020 1025 1076 ut
1047 1037 1143 1077 unam

87 1116 114 1155 ιο
128 1103 276 1180 syllabam
290 1103 412 1181 faciant,
430 1124 490 1163 nen
503 1107 640 1182 possunt.
674 1105 727 1164 sed
739 1124 793 1181 per
807 1105 866 1165 due
880 1125 902 1164 a
916 1105 1007 1166 scribi
1020 1105 1142 1185 debent,

128 1191 200 1268 quia
220 1193 310 1252 etsie
330 1196 439 1252 sonant
458 1196 489 1253 st
511 1193 693 1271 ambiguitas
712 1212 837 1254 casuum
854 1195 976 1254 tollitur
995 1197 1025 1254 st
1043 1214 1141 1254 unum

127 1300 149 1339 a
171 1282 237 1342 loce
261 1283 452 1341 consonantis
476 1283 631 1358 accipitur.

194 1369 245 1430 ch.
267 1374 340 1447 130,
355 1374 395 1431 29
419 1372 523 1450 Prus‚
546 1371 621 1430 haec
643 1372 721 1449 frus,
749 1371 821 1448 quia
844 1371 886 1430 sic
909 1372 947 1430 ab
969 1373 1068 1432 Ennio
1092 1376 1140 1433 est

127 1458 310 1519 declinatum
325 1461 480 1520 annalium
493 1461 570 1520 libre
584 1461 645 1519 VH
660 1463 874 1520 russescunt
891 1461 1058 1539 frundeS,
1077 1481 1140 1521 uon

87 1558 112 1599 15
126 1548 255 1608 frondes.
298 1542 375 1609 ‘fres
398 1549 461 1609 sine
487 1568 509 1608 a
535 1551 653 1624 littera,
685 1569 723 1608 ne
755 1543 864 1608 faciat'
892 1550 992 1626 inquit
1019 1550 1139 1610 Plinius

127 1631 267 1715 ‘frontis',
295 1637 383 1714 quasi
409 1658 469 1697 nen
492 1639 612 1698 dicatur
633 1639 692 1697 nisi
720 1639 803 1698 frons
826 1636 858 1698 τὸ
882 1635 1027 1717 μέτωπον,
1055 1641 1139 1717 quod

126 1742 158 1783 se
180 1726 308 1802 probare
331 1726 417 1805 dicit,
442 1728 584 1804 queniam
607 1731 696 1787 antea
715 1746 784 1786 cum
801 1747 823 1786 a
845 1746 905 1786 nen
923 1728 1088 1805 recipiebat
1106 1748 1137 1808 a,

126 1813 177 1872 sed
209 1833 263 1874 nec
293 1833 360 1876 cum
390 1835 412 1875 c
437 1819 570 1877 vertemt
592 1816 623 1874 iu
647 1835 678 1875 οι
705 1816 802 1876 Varro
825 1835 927 1876 rerum
953 1817 1138 1878 rusticarum

125 1902 202 1962 libro
221 1903 237 1962 I
257 1905 351 1964 almos
369 1909 395 1963 et
410 1906 544 1979 populos,
567 1906 644 1965 cade
662 1910 704 1964 est
724 1908 796 1981 fros,
818 1905 898 1964 idem
916 1906 1138 1983 antiquitatum

85 2003 112 2043 20
126 1991 329 2052 Romanarum
351 1994 429 2053 libro
453 1993 510 2052 XV
531 1995 594 2067 fros
616 1995 737 2067 fuscam
759 1995 869 2055 messis.

194 2080 245 2144 Oh.
268 2085 339 2159 107,
355 2074 446 2164 330)
474 2082 632 2141 Pecunia
658 2101 713 2159 per
736 2101 751 2141 c
777 2101 837 2142 nen
858 2101 953 2159 perp
980 2084 1139 2144 scribenda

112 2174 172 2232 ‘est
195 2166 397 2249 <quoniame
418 2190 525 2248 pecore
549 2171 630 2230 dicta
650 2167 727 2250 sst>,
750 2175 781 2231 et
805 2172 947 2248 queniam
965 2191 983 2246 q
1000 2173 1137 2234 literam

125 2279 275 2337 nusquam
293 2262 402 2321 volunt
419 2261 491 2337 peni
509 2259 585 2320 alias
603 2260 663 2319 nisi
680 2264 717 2320 ut
735 2260 813 2320 duae
831 2261 950 2321 vocales
969 2265 1138 2339 sequantur

126 2369 254 2428 quarum
275 2350 358 2426 prior
380 2350 420 2409 sit
442 2370 472 2410 a.

84 2562 111 2602 2⁵
430 2544 472 2616 11.
513 2545 560 2616 llc
589 2544 828 2615 declinatione.

227 2723 254 2765 a.
291 2711 339 2765 De
363 2709 519 2777 genetivo
541 2707 707 2778 singulari
728 2707 764 2763 in
786 2717 833 2765 as
856 2701 1037 2764 exeunte*

192 2827 243 2889 ch.
265 2833 337 2907 107,
353 2832 370 2889 9
391 2829 681 2888 Paterfamilias
701 2832 731 2888 et
748 2831 845 2887 mater
863 2829 994 2888 familias
1013 2830 1134 2908 antiqui

123 2919 221 2997 magis
235 2921 465 2997 usurpavenmt,
484 2921 645 2995 prepterea
663 2917 743 2994 qued
756 2916 941 2978 nominativo
957 2917 1136 2996 singularis

196 3075 229 3124 27
247 3071 346 3140 pater
367 3069 535 3142 familias]
557 3087 584 3140 p.
600 3074 625 3139 3,
641 3074 673 3123 11
697 3071 739 3125 rei
755 3070 862 3126 unitate
880 3068 919 3136 N3
943 3068 1070 3139 suspicor
1091 3073 1137 3126 rei

123 3144 223 3198 amicae
235 3141 281 3223 (cf.
297 3140 376 3196 Char.
393 3146 435 3207 90,
451 3149 466 3197 9
481 3144 611 3211 queniam
624 3143 710 3196 ccicc
723 3158 766 3196 res
779 3149 835 3210 est).
862 3140 937 3194 Nam
950 3157 1007 3194 non
1019 3156 1136 3196 necesse

123 3229 184 3268 esse
203 3212 347 3268 enstimat
360 3211 468 3266 Plinius
486 3211 536 3265 nni
553 3211 595 3266 rei
609 3211 662 3267 seli
675 3215 708 3266 ut
721 3211 847 3266 familiae
861 3214 891 3267 et
902 3210 981 3281 plebi
994 3210 1134 3281 pluralem

122 3284 264 3339 adhibere.
283 3283 433 3338 Praeterea
446 3282 510 3352 lege
519 3288 631 3353 p.3‚12:
646 3290 671 3339 et
680 3291 771 3354 posset
780 3291 908 3354 patres..
921 3324 927 3336 .
938 3290 970 3338 at
984 3285 1094 3340 tribaca

193 3449 227 3497 27
237 3445 338 3512 pater
350 3441 526 3570 familias}
537 3442 572 3497 cf.
583 3442 660 3498 Serv.
672 3443 710 3496 ad
723 3442 791 3499 Aen.
801 3443 840 3497 XI
849 3448 910 3512 801,
925 3442 975 3512 qui
987 3445 1085 3499 tamen
1098 3460 1134 3499 ex

100 3509 170 3572 sisso
181 3512 280 3567 Plinio
292 3531 352 3568 non
366 3513 466 3570 bausit
541 3513 581 3571 IV
597 3519 660 3586 211,
672 3519 718 3584 2⁹1,
733 3514 834 3585 Vane,
850 3515 885 3570 de
899 3514 919 3570 l.
933 3515 953 3570 l.
967 3519 993 3584 8,
1009 3520 1051 3570 73.
1080 3516 1137 3570 Zur
