2460 3840
128 155 171 218 60
370 154 412 208 De
431 153 525 208 dubiis
544 153 693 223 generibus
712 155 742 208 et
758 154 889 208 numeris.

195 304 247 365 Oh.
263 307 313 378 95,
330 308 370 364 12
394 305 547 364 Barbam
567 305 763 382 singulariter
780 305 813 363 in
830 323 891 363 uno
910 303 1030 364 homine
1047 307 1140 382 recte,

126 394 287 470 pluraliter
308 395 340 453 in
362 394 502 470 pluribus
526 393 616 453 dicas
653 413 724 452 nam
747 396 778 452 et
799 393 953 470 Vergilius
980 392 1017 451 de
1045 393 1141 469 pluri-

126 482 183 541 bus
211 483 256 542 ait
283 486 422 557 stiriaque
448 485 560 557 impexis
586 483 720 542 inclaruit
746 483 867 542 barrida
894 483 1000 541 barbis.
1038 485 1142 541 errant

128 572 208 630 enim
231 572 284 650 qui
306 572 338 631 in
361 571 532 631 hominibus
554 570 689 648 barbam,
712 571 743 629 in
762 570 853 629 hircis
871 569 979 629 barbas
1001 570 1062 629 dici
1083 591 1140 647 pu·

101 672 114 714 5
127 663 277 722 taverunt
296 680 367 719 nam
380 661 429 719 hie
443 661 479 719 de
493 660 665 719 hominibus
675 659 829 738 Vergilius
843 659 987 736 loquitur,
1003 659 1141 736 quamvis

128 753 159 809 et
172 750 325 809 hircorum
334 750 444 809 dixerit
452 748 569 826 barbas,
579 749 640 826 sed,
653 751 690 808 ut
699 749 769 826 dixi,
783 749 948 808 multorum
959 740 1139 830 (Κ.11572).

194 835 270 897 *Ob
287 841 338 916 90,
358 843 373 897 1
387 831 430 919 (1)
449 837 579 899 Brevis
593 837 656 897 dies
671 837 790 916 dicitur,
804 856 865 896 non
877 837 1015 914 pusillus.
1038 837 1140 898 brevis

128 927 208 987 enim
230 928 262 985 in
285 930 403 1004 natura,
427 927 556 1002 pusillus
579 927 611 985 in
633 945 764 1001 corpore.

195 1015 231 1074 K.
251 1015 279 1072 V
295 1018 368 1093 572,
383 1019 423 1075 28
443 1015 543 1075 Bubo
563 1016 627 1076 avis
642 1015 760 1092 generis
774 1015 919 1092 feminini,
937 1017 974 1073 ut
987 1014 1142 1092 Vergilius

90 1117 117 1157 10
130 1105 246 1177 solaque
269 1106 441 1165 mimimmas
463 1107 552 1178 ferali
574 1108 701 1164 carmine
723 1106 795 1163 babo
820 1097 910 1186 (Non.
933 1095 1018 1184 194).

196 1193 357 1253 Praeterea
375 1194 413 1253 cf.
426 1193 463 1254 K.
477 1192 505 1246 V
521 1195 594 1271 572,
613 1192 728 1270 bracae,
746 1193 841 1251 babae
857 1183 991 1274 (papae),
1005 1192 1142 1270 harenae,

128 1280 249 1361 baxeae,
272 1282 414 1360 biremae,
436 1282 536 1342 boves

618 1465 653 1520 0.

196 1564 324 1641 01172,
347 1568 385 1623 12
416 1564 565 1624 Caelum
591 1565 661 1643 hoc,
694 1584 762 1625 cum
791 1566 831 1625 sit
857 1571 1015 1641 neutrum,
1049 1568 1143 1626 etiam

88 1665 114 1706 15
128 1655 292 1713 masculine
312 1657 429 1713 veteres
453 1655 605 1732 dixerunt,
629 1657 659 1714 11
677 1655 793 1714 Ennius
812 1671 894 1728 quem
913 1654 1017 1716 anlas
1032 1660 1140 1733 peccet,

128 1743 202 1802 item
224 1761 400 1816 qaamqaam
424 1741 530 1803 Caelos
550 1745 716 1817 prosumiae
740 1735 830 1826 (Non.
852 1747 925 1822 197,
948 1745 984 1804 Κ.
1003 1745 1031 1802 V
1050 1737 1140 1826 573).

196 1839 246 1899 Ch.
263 1842 368 1915 80,11
391 1839 634 1900 Calamistros
654 1840 757 1902 Cicero
776 1843 808 1901 in
827 1841 954 1902 Oratore
973 1843 1140 1902 masculine

128 1928 213 2007 dixit,
241 1931 272 1987 et
295 1930 392 1988 Varro
425 1929 460 1988 de
484 1930 608 1989 scenicis
633 1930 799 2008 originibus
821 1932 901 1991 hunc
925 1933 1141 2006 calamistrum,

129 2019 181 2077 sed
207 2018 287 2077 idem
314 2019 346 2076 in
370 2018 525 2094 Triphallo
554 2021 736 2098 araneae,
766 2023 796 2080 et
818 2019 947 2079 Plautus
970 2021 1002 2078 in
1026 2019 1139 2080 Curcu-

88 2118 114 2157 20
127 2108 207 2167 lione
227 2112 335 2181 pectem,
359 2108 514 2181 speculam,
538 2108 737 2168 calamistrum
758 2127 853 2168 meam
877 2100 1078 2191 (11111546).

194 2206 229 2265 K.
249 2205 277 2261 V
297 2207 359 2266 575
390 2203 506 2264 Callis
530 2206 649 2283 generis
667 2207 835 2284 masculini,
858 2210 895 2266 ut
912 2207 1067 2284 Vergilius
1084 2225 1143 2281 per

128 2296 249 2354 occultos
271 2295 382 2353 lacebat
402 2297 505 2354 semita
528 2296 611 2354 collis
634 2286 725 2374 (Non.
747 2287 837 2376 197).

195 2390 246 2451 Oh.
269 2395 351 2469 72,1
378 2390 521 2451 Callum
542 2396 651 2452 neutro
676 2412 784 2470 genera
803 2393 926 2470 dicitur,
952 2392 1055 2453 Cicero
1079 2393 1139 2452 Tu-

128 2482 319 2540 sculanarum
334 2481 365 2539 II
379 2484 441 2555 mse
455 2482 538 2541 labor
551 2484 695 2556 quoddam
708 2482 815 2541 callam
828 2484 949 2550 obducit,
966 2484 997 2542 et
1010 2481 1141 2542 Plautus

89 2577 116 2619 2⁵
128 2570 160 2627 in
182 2570 280 2629 Milite
302 2573 397 2644 mapis
418 2571 534 2635 labello,
562 2589 650 2644 qaam
667 2589 800 2644 promam
821 2571 928 2630 callam
951 2572 1041 2631 callet.
1087 2571 1140 2630 sed

128 2658 245 2717 Marsus
269 2658 451 2717 fabellarum
465 2658 556 2717 VIIII
579 2659 745 2718 masculino
769 2659 812 2718 sic
831 2661 937 2719 callam
954 2661 1011 2720 sibi
1022 2665 1139 2734 pectore

128 2748 271 2820 quemdam
294 2738 344 2827 (K.
364 2748 391 2804 V
411 2741 499 2828 575).

195 2842 318 2921 0111,
339 2846 377 2903 31
484 2846 566 2904 calx
592 2844 699 2922 igitur,
727 2845 790 2907 sive
814 2864 874 2922 qua
897 2847 1048 2906 calcamus
1076 2846 1139 2907 sive

129 2951 189 3011 qua
213 2931 414 3006 aedificamus,
438 2933 573 2992 feminini
595 2934 714 3011 generis
738 2937 796 3011 est,
819 2937 856 2993 ut
875 2937 906 2994 11
923 2934 1077 3011 Vergilius
1097 2936 1142 2994 ait

200 3161 215 3209 1
235 3154 354 3227 barba]
379 3154 539 3209 differentia
556 3155 670 3210 videtur
688 3172 748 3210 1111
769 3154 867 3226 Plinii,
890 3173 975 3225 quam
994 3159 1141 3239 excerptor

128 3226 243 3297 spernit.
260 3259 292 3266 —
308 3231 341 3280 17
357 3225 588 3298 calamistros]
604 3226 807 3281 Testimonium
821 3227 875 3284 Cic.
892 3227 937 3282 Or.
949 3233 991 3293 23,
1003 3233 1036 3282 78
1052 3231 1141 3283 etram

128 3301 172 3352 est
194 3297 270 3367 apud
292 3296 415 3351 Nonium
434 3302 494 3352 546.
519 3329 555 3338 -
580 3297 749 3371 21111111]
772 3298 854 3368 plura
876 3297 1041 3353 testimonia
1063 3300 1141 3370 apud

127 3368 252 3423 Nonium
271 3370 344 3422 sunt.
361 3400 398 3409 -
416 3367 605 3441 2311111111]
626 3370 783 3423 26Μ111ι11
802 3369 820 3426 i.
836 3386 858 3425 e.
874 3369 1015 3424 Domitius
1029 3370 1140 3426 Marsus

116 3443 209 3502 poeta
222 3440 300 3506 apacl
313 3439 387 3493 Plin.
401 3439 432 3492 in
446 3439 480 3495 N.
488 3440 522 3494 Η.
536 3439 594 3495 ind.
608 3439 675 3493 libri
684 3446 726 3496 31.
752 3440 794 3495 De
811 3439 882 3496 locis
896 3440 1023 3495 eiusdem
1036 3445 1140 3511 poetae

102 3507 189 3567 apud
202 3507 300 3563 Dr'om.
323 3516 384 3582 319,
402 3517 439 3566 13
459 3514 489 3568 11
505 3511 594 3570 Prisc.
617 3517 727 3584 168,16
744 3510 820 3566 nibil
836 3514 957 3567 constat.
