2460 3840
145 164 188 229 36
577 165 618 219 De
636 165 730 220 verbo.

145 317 218 393 quia
241 317 368 393 simplex
391 317 503 376 condor
525 317 677 394 conditus,
704 317 777 376 item
799 310 1008 395 (abscondor)
1031 316 1155 376 abscon-

145 406 235 464 ditus.
281 405 383 465 deleor
410 406 521 465 delitus
550 409 581 465 et
609 406 738 464 deletus:
767 404 870 465 Cicero
898 406 937 464 ad
962 405 1060 464 filium
1083 409 1158 466 ceris

145 496 250 572 deletis,
265 494 361 554 Varro
376 494 408 553 in
425 491 436 574 ss
455 492 542 574 [376,
555 493 587 570 1]
602 495 775 570 praetorina
790 496 893 554 delitue
906 495 1024 572 litterae,
1044 493 1156 555 Calvus

146 584 220 644 alibi
234 584 272 642 ad
285 603 410 644 uxorem
418 588 521 659 primu
531 585 653 658 epistula
666 585 779 643 uidetur
792 587 825 642 tre
835 586 885 643 eie
898 585 995 642 delita.
1014 584 1157 644 ostendor

118 675 292 751 sustentus,
316 674 459 751 quoniam
482 673 522 732 sit
548 673 656 732 tendor
673 675 784 732 tentus.
821 691 892 731 nam
915 674 1086 732 ostentatus
1109 676 1158 733 est

145 763 299 838 frequens:
326 763 360 824 P.
383 761 521 821 Rutilius
547 763 583 821 de
611 762 676 822 vita
703 780 759 821 sua
781 764 834 821 urei
856 780 918 821 unu
940 766 1080 821 ostentate
1102 767 1157 839 est,

144 850 225 910 idem
248 870 302 927 pro
321 851 355 911 L.
375 849 496 910 Oesutio
520 851 558 909 ad
580 851 728 926 populum
750 869 787 909 ex
808 849 865 909 hoc
889 850 1038 911 derivavit
1060 852 1157 926 parti-

145 940 258 1016 cipium
290 942 366 1013 quod
397 957 445 1014 eqo
474 957 519 997 rue
545 956 629 1013 spero
656 944 846 1006 ostentorum,
879 958 939 998 non
967 941 1158 999 ostensurum

145 1048 243 1105 neque
265 1031 431 1088 tensurum.
469 1028 577 1086 melius
601 1030 776 1086 ostenturus
799 1027 935 1103 dicimus,
959 1028 1102 1104 quoniam
1121 1048 1159 1088 ex

106 1140 137 1194 ιοἸ
146 1117 332 1194 temporibus
350 1117 492 1193 perfectis
511 1116 640 1192 passivis
658 1118 764 1176 futura
782 1116 943 1192 participia
962 1117 1061 1177 activa
1080 1116 1158 1176 deri-

146 1210 270 1284 vantur,
298 1207 384 1266 velut
411 1209 530 1266 amatus
558 1225 625 1265 sum
653 1209 818 1265 amaturus.
856 1207 886 1264 et
908 1205 1059 1265 Labienus
1081 1206 1159 1265 item

146 1315 201 1373 pro
224 1296 334 1374 Figulo
362 1301 472 1355 ostentu
492 1298 698 1374 promissione,
726 1295 823 1354 Varro
850 1313 951 1353 rerum
974 1295 1159 1354 rusticarum

146 1384 244 1462 primo
268 1387 346 1445 treus
368 1388 492 1460 optimus
513 1387 580 1444 etue
603 1387 641 1444 sit
663 1390 689 1443 et
711 1389 835 1444 osteutus
853 1384 916 1460 solt,
940 1404 1000 1443 non
1019 1386 1159 1445 ostentus

147 1493 202 1533 nec
225 1477 337 1534 tensus.
375 1474 428 1533 sed
452 1474 524 1550 quia
547 1473 762 1550 cacenphaton
781 1473 908 1548 videtur,
932 1472 1056 1531 deorum
1075 1474 1159 1534 vehi·

107 1584 133 1624 rs
148 1564 250 1622 culum
268 1566 385 1622 tensam
403 1563 552 1641 dixenmt,
571 1582 608 1621 ne
622 1562 747 1624 verbum
765 1565 855 1638 turpe
870 1566 991 1621 sonaret
1008 1562 1040 1619 in
1055 1558 1158 1623 sacris.

146 1652 336 1728 expergiscor
359 1654 549 1726 experrectus
569 1653 599 1710 et
617 1670 763 1729 expergor
781 1650 964 1727 expergitus,
988 1651 1159 1728 expergefio

147 1740 385 1817 expergefactus.
422 1738 474 1798 sed
497 1739 671 1817 expergitus
694 1740 806 1799 dicitur
829 1740 882 1815 qui
904 1740 1033 1799 satiatus
1052 1757 1158 1800 somno

148 1832 254 1904 sponte
274 1829 407 1906 evigilat,
427 1829 506 1887 unde
526 1832 558 1887 et
570 1828 706 1888 Lucilius
725 1829 769 1888 ait
787 1825 869 1907 [ego]
895 1846 909 1887 e
932 1846 1030 1887 semro
1049 1846 1160 1902 pueros

148 1935 211 1976 curu
238 1936 324 1976 murce
351 1920 511 1991 euperqitus
539 1919 643 1995 emero,
672 1921 863 1994 experrectus
887 1920 989 1976 autem
1012 1936 1030 1976 a
1055 1917 1158 1995 quiete

108 2027 137 2090 ²⁰.
147 2006 318 2084 impeditus,
342 2007 421 2065 unde
446 2005 609 2065 Sallustius
632 2009 776 2067 interdum
794 2023 892 2066 sorores
912 2011 1090 2080 experrectus
1109 2026 1159 2067 ur-

147 2099 236 2169 repte's
259 2099 351 2154 armis
369 2096 523 2154 tumultum
540 2097 644 2169 fucere.
682 2096 908 2172 expergefactus
930 2114 1019 2171 porro
1039 2097 1159 2173 estqui

147 2204 202 2261 per
229 2185 324 2243 alium
352 2203 456 2244 somno
480 2184 636 2243 excitatur.
678 2185 791 2259 fatigor
813 2184 962 2261 fatigatus
986 2185 1160 2263 eumfacit,

148 2293 209 2332 non
232 2275 339 2352 fessus,
364 2277 394 2333 et
416 2274 506 2351 longe
531 2273 680 2332 falluntur
702 2273 755 2350 qui
778 2273 940 2348 opinantur
963 2290 1052 2332 exeo
1077 2275 1160 2350 quod

147 2363 259 2440 fatigat
282 2363 379 2422 fessus
402 2362 545 2423 derivari:
568 2381 637 2420 nam
661 2362 758 2421 fessus
781 2362 946 2439 appellatio
971 2364 1025 2421 est.
1058 2362 1160 2423 differt

108 2455 251 2512 stantem
273 2452 422 2529 fatigatus
446 2470 464 2510 a
486 2452 578 2528 fesso,
606 2456 642 2511 ut
664 2451 788 2510 Verrius
813 2451 869 2526 ait,
897 2452 978 2526 quod
1000 2451 1158 2530 fatigatus,

148 2559 217 2599 cum
245 2541 311 2618 quis
343 2559 397 2616 per
429 2540 522 2598 alium
555 2539 690 2599 laborare
724 2539 917 2616 conpellitur,
949 2542 986 2598 ut
1016 2540 1159 2619 lassatus,

148 2629 243 2688 fessus
261 2648 342 2706 vero,
361 2647 429 2687 cum
448 2629 516 2706 quis
534 2629 635 2688 labore
655 2627 801 2705 deficitur,
820 2621 899 2705 <ut>
912 2629 1019 2689 lassus.
1043 2629 1160 2689 inseror

220 2815 345 2870 2Diom.
364 2820 425 2883 375,
440 2816 486 2887 27]
515 2814 622 2869 Keilius
650 2814 824 2870 Priscianum
848 2815 968 2869 laudans
996 2815 1039 2869 itu
1063 2815 1159 2887 legere

148 2887 225 2941 vult:
245 2885 340 2942 Cicero
360 2888 397 2941 ad
415 2886 504 2940 filium
522 2889 591 2942 ceris
606 2887 706 2955 deditis,
723 2885 792 2940 item
812 2887 847 2940 ad
862 2886 979 2942 Calvum
997 2889 1095 2944 delitus
1113 2890 1160 2945 lit·

148 2965 234 3027 terae‚
263 2957 333 3011 alibi
357 2958 394 3012 ad
416 2973 531 3013 uxorem
549 2960 645 3028 primu
667 2960 785 3028 epistula
811 2960 919 3014 uidetur
940 2961 972 3014 iu
996 2960 1044 3014 eiu
1065 2961 1160 3028 delita,

149 3029 237 3084 Varro
256 3028 286 3083 in
303 3027 494 3097 Plutotoryne.
514 3060 548 3069 —
569 3034 584 3082 7
602 3027 692 3084 Diom.
713 3034 773 3099 376,
788 3031 818 3154 Ἦ
836 3029 912 3083 idem
929 3047 980 3099 pro
999 3033 1029 3086 L.
1045 3030 1159 3086 Cesutio

150 3101 186 3154 ad
209 3100 356 3170 populum,
380 3100 465 3155 Prisc.
485 3104 549 3170 520,
565 3106 612 3154 23ι
636 3099 704 3154 (lato
728 3118 778 3169 pro
819 3100 882 3154 ucio
906 3100 1025 3155 Caesare
1048 3101 1084 3154 ad
1109 3118 1160 3171 po·

149 3171 259 3242 pulum,
279 3172 368 3242 Peter,
387 3171 453 3226 hist.
472 3171 520 3226 rel.
540 3191 566 3240 p.
582 3170 698 3226 echv
717 3174 812 3226 censet
830 3171 944 3227 Catonis
962 3188 1012 3241 pro
1031 3170 1159 3227 Caesetio

150 3243 306 3299 orationem
325 3241 485 3312 significari.
507 3275 538 3282 —
559 3247 590 3295 11
610 3241 700 3298 Diom.
721 3248 780 3312 376,
801 3243 830 3314 8]
853 3241 963 3312 Libius,
986 3242 1064 3311 lege:
1090 3244 1158 3299 ‘Lu-

149 3315 267 3384 biertus'‚
290 3314 339 3382 qui
358 3331 376 3368 a
393 3312 497 3383 Plinio,
517 3312 564 3369 Ch.
586 3315 845 3383 77,141audatur;
869 3313 903 3368 cf.
927 3313 974 3367 die
993 3313 1112 3378 Quellen
1129 3314 1160 3369 in

150 3384 204 3438 den
227 3405 266 3456 gr.
286 3387 415 3441 Biichern
432 3403 458 3439 u.
475 3402 495 3439 s.
510 3403 543 3440 vv.
562 3405 588 3455 p.
604 3389 664 3440 508.
696 3386 780 3439 Haud
804 3385 860 3439 scio
884 3401 920 3437 an
944 3383 1037 3448 Quint.
1054 3391 1078 3454 1,
1093 3390 1118 3455 ὃ,
1133 3391 1159 3455 8,

149 3454 199 3534 ubi
221 3456 352 3510 Pliniana
374 3455 566 3526 inveniuntur,
588 3455 682 3510 locum
704 3456 830 3511 eiusdem
848 3454 966 3510 Labieni
988 3473 1038 3526 pro
1057 3456 1159 3526 Figulo

150 3541 180 3579 m
197 3526 352 3583 Pollionem
371 3545 405 3584 ex
423 3526 510 3581 Plinii
527 3526 606 3581 libris
625 3527 759 3583 hauserit.
