2460 3826
276 751 692 826 Commentariolus
720 750 987 848 isagogious.

126 926 153 979 Ι.
174 924 211 979 de
230 923 427 991 grammatica
446 924 575 1059 antiquar}
590 936 689 1058 usqu?
709 923 747 977 ad
765 922 861 977 Plinii
879 923 1017 992 tempora
1035 922 1137 977 brevis

576 1018 632 1074 spu
645 1018 666 1059 a
681 1017 722 1058 ro.

199 1127 227 1183 Ο.
246 1127 353 1182 Plinii
372 1127 520 1182 Secundi
542 1126 608 1181 libri
631 1125 711 1180 dubii
737 1126 871 1181 sermonis
890 1125 1138 1196 grammaticorum

127 1206 283 1261 studiorum
301 1208 377 1276 apud
390 1207 532 1262 Romanos
547 1206 629 1276 quasi
647 1205 740 1260 ultimi
753 1206 835 1261 flores
851 1210 923 1261 sunt.
952 1205 1028 1271 Quae
1043 1205 1138 1260 studia

126 1287 254 1357 quamvis
272 1289 337 1357 post
355 1305 421 1342 eum
439 1304 489 1356 per
507 1287 621 1356 longam
637 1303 772 1341 annornm
791 1285 891 1342 seriem
909 1286 940 1340 in
957 1287 1062 1342 honore
1077 1303 1137 1343 esse

126 1384 182 1422 non
213 1366 360 1438 desierint,
388 1368 458 1423 adeo
487 1369 520 1421 nt
550 1365 606 1436 ipsi
635 1365 767 1422 Caesares
795 1367 866 1421 haec
893 1365 987 1420 studia
1015 1366 1139 1421 colerent

126 1448 428 1517 grammaticorumque
448 1447 592 1502 cohortem
610 1446 715 1501 honore
732 1449 975 1516 prosequerentur,
989 1449 1085 1502 tamen
1104 1463 1137 1501 ex

125 1544 230 1597 magna
248 1526 373 1596 partein
387 1524 561 1581 excutiendis
575 1527 604 1580 et
615 1525 840 1595 pervestigandis
855 1528 981 1581 veterum
996 1526 1136 1581 thesauris

124 1608 310 1662 versabantur
318 1606 498 1676 grammatici
508 1609 557 1660 aut
565 1605 598 1661 de
607 1606 820 1674 quaestionibus
828 1606 1000 1676 disputando
1008 1605 1137 1660 futilibus

124 1691 235 1756 tempus
254 1686 393 1741 terebant.
430 1684 517 1739 Plinii
535 1687 629 1740 aetate
647 1685 747 1756 lingua
769 1686 860 1741 latina
879 1686 987 1755 optima
1009 1686 1067 1740 iam
1087 1703 1138 1740 sua

125 1770 254 1837 tempora
271 1768 455 1835 percurrerat,
470 1765 560 1820 multa
580 1768 609 1819 et
627 1783 680 1819 usu
697 1766 743 1820 vel
762 1765 963 1821 consuetudine
982 1770 1011 1821 et
1028 1765 1136 1820 ratione

125 1850 224 1901 sancta
243 1848 336 1914 erant,
361 1845 419 1898 alia
436 1843 677 1900 nobilissimorum
695 1844 817 1901 virorum
836 1847 1005 1900 auctoritate
1023 1845 1053 1899 in
1075 1862 1137 1915 per-

123 1930 240 1996 petuum
255 1925 377 1980 omnium
393 1925 494 1979 animis
509 1925 602 1982 infixa.
632 1926 741 1980 Silebat
758 1943 847 1994 genus
862 1943 966 1996 eorum,
986 1925 1035 1994 qui
1054 1927 1138 1979 antea

124 2010 174 2061 aut
189 2005 337 2075 analogiae
356 2008 407 2059 aut
420 2005 578 2060 anomaliae
592 2009 688 2075 partes
706 2005 908 2072 defendebant;
929 2006 1036 2059 dabant
1050 2005 1137 2059 etiam

123 2086 234 2142 aurium
260 2084 364 2140 indicio
392 2087 477 2153 atque
501 2103 638 2140 summam
662 2085 858 2140 consuetudini
881 2086 1047 2154 auriumque
1073 2102 1138 2139 sua

122 2166 208 2222 vitati
221 2165 400 2220 tribuendam
415 2182 475 2220 esse
490 2166 648 2222 censebant.
655 2165 674 2236 ¹)
699 2165 821 2235 Tempus
836 2167 898 2219 erat
911 2166 994 2220 valde
1005 2164 1137 2219 idoneum

124 2264 261 2302 annorum
290 2248 335 2300 tot
364 2245 501 2301 curriculo
534 2248 662 2316 peracto,
691 2262 753 2299 cum
785 2247 933 2315 poetarum
965 2247 995 2298 et
1027 2243 1136 2299 solutae

125 2326 261 2383 orationis
280 2325 447 2395 scriptorum
469 2342 554 2395 opera
571 2328 685 2395 praesto
700 2329 794 2380 essent
811 2340 986 2395 magnusque
1005 2341 1137 2378 numerus

123 2407 269 2461 hominum
282 2405 421 2460 vocabula
435 2405 550 2474 rariora,
562 2405 771 2475 etymologiam,
787 2404 1019 2475 orthographiam
1032 2407 1137 2459 tracta-

121 2487 218 2555 visset,
238 2487 275 2540 ad
293 2488 385 2541 totum
403 2486 518 2556 linguae
538 2485 697 2540 aedificium
722 2484 887 2555 diligentius
906 2483 1135 2554 conspiciendum

124 2566 306 2636 singulasque
323 2571 419 2636 partes
442 2566 642 2635 recensendas,
660 2566 768 2620 incerta
792 2582 841 2619 suo
865 2566 926 2620 loco
950 2565 1134 2635 disponenda,

123 2645 217 2701 dubiis
241 2645 403 2702 firmitatem
425 2646 614 2702 tribuendam.
652 2644 682 2701 Si
703 2645 826 2700 virorum
849 2646 995 2699 doctorum
1018 2645 1136 2713 indaga-

122 2726 248 2782 tionibus
262 2725 311 2779 lux
327 2729 390 2780 orta
399 2730 451 2796 est,
466 2726 490 2780 si
499 2725 607 2781 incerta
617 2729 702 2794 certa,
717 2725 804 2779 dubia
814 2725 902 2795 digna
911 2724 966 2779 fide
975 2724 1053 2778 facta
1063 2727 1137 2793 sunt,

124 2805 149 2860 si
161 2806 209 2861 via
224 2822 256 2859 aa
271 2804 381 2860 ratione
395 2807 543 2861 emendare
558 2809 644 2875 atque
659 2821 789 2860 enarrare
805 2805 954 2875 scriptores
969 2804 1136 2872 didicerunt,

122 2889 183 2942 tum
202 2885 315 2940 demum
334 2885 453 2940 scientia
470 2885 586 2955 linguae
609 2884 741 2939 subtilior
759 2884 846 2940 etiam
869 2901 1018 2955 puerorum
1041 2882 1138 2937 studia

122 2965 258 3020 adiuvare
287 2967 315 3019 et
338 2963 503 3020 collustrare
531 2983 588 3021 non
614 2967 734 3020 recusat.
773 2965 853 3031 Quod
881 2964 906 3018 si
932 2965 974 3018 ita
1002 2966 1057 3033 est,
1080 2979 1137 3017 non

123 3046 259 3099 miramur
282 3045 357 3112 quod
379 3043 465 3098 Plinii
488 3061 571 3115 opere
594 3045 719 3115 perfecto
747 3044 877 3099 ludomm
902 3043 1032 3114 magistri
1060 3044 1135 3095 artes

124 3141 188 3178 suas
216 3140 382 3193 componere
409 3122 611 3193 instituebant,
639 3141 756 3193 quorum
784 3123 890 3194 primus
919 3125 963 3178 est
990 3120 1134 3175 Remmius

122 3202 282 3258 Palaemon.
315 3204 410 3272 Usque
429 3204 467 3257 ad
485 3203 545 3258 eius
563 3207 675 3274 tempus
695 3204 789 3258 studia
808 3202 994 3274 grammatica
1012 3200 1133 3271 plerum-

124 3298 177 3350 que
195 3283 225 3336 in
244 3283 364 3338 scientia
388 3287 512 3354 partium
536 3283 672 3338 orationis
696 3284 777 3337 etin
799 3283 999 3337 vocabulorum
1023 3295 1136 3334 enema·

189 3430 209 3477 1)
225 3427 380 3480 Char.123‚8;
394 3429 440 3468 Zur
454 3427 644 3478 Quellenanalyse
658 3427 862 3477 (Pituntium
871 3426 967 3472 papiu.
