2460 3840
103 219 194 275 XXVI
389 213 639 271 Commentariolus
656 215 826 286 isagogicus.

103 354 321 433 pertractandas
339 359 500 414 fateremur.
538 359 571 412 In
587 359 642 413 hac
664 375 694 414 re
714 362 837 428 quantae
860 358 1043 415 difficultates
1067 361 1118 415 ob·

105 444 252 497 versentur
270 457 350 495 nemo
370 443 414 495 est
432 439 501 509 quin
525 438 684 509 intellegat.
721 440 762 494 De
785 443 847 494 tota
869 440 979 496 ratione
1003 440 1118 496 dicendi

105 521 273 577 Charisiana
292 520 412 575 scribere
432 519 512 574 stulti
531 521 599 574 erat.
638 520 692 574 Sed
710 519 797 574 Plinii
815 516 959 590 sermonis,
979 523 1118 589 quantum

105 600 165 656 fieri
182 604 285 672 potest,
304 600 426 671 vestigia
444 599 585 670 colligere,
605 602 704 669 utpote
717 599 803 654 fontis
823 600 1021 671 antiquissimi,
1036 617 1119 671 prae-

104 686 183 738 terea
201 681 287 737 variis
306 680 381 736 notis
400 682 513 749 praeter
532 679 603 734 alios
621 680 752 751 insignis,
771 680 825 734 hoo
850 680 959 749 aliquid
981 681 1118 736 utilitatis

67 795 69 806 ·
104 763 299 834 praebiturum
316 761 474 815 videbatur.
510 759 548 814 Et
565 759 697 829 praebuit
715 777 795 830 sane,
815 764 846 815 at
864 761 948 815 simul
967 761 1117 816 didicimus

106 847 215 912 quanta
233 840 352 896 libidine
370 839 550 910 grammatici
568 839 691 909 grassati
715 839 772 894 sint
793 839 824 893 in
847 840 1028 910 excerpendis
1048 840 1119 895 alio-

104 942 167 978 rum
184 922 273 991 libris,
293 923 430 989 quantum
449 919 593 974 commixti
612 918 670 973 sint
688 922 717 975 et
735 920 897 975 conturbati
914 920 1044 977 nonnulli
1060 920 1119 976 loci

103 1002 241 1072 Pliniani,
261 1003 435 1069 quantopere
454 1000 574 1068 denique
599 999 690 1054 vereri
713 1000 865 1055 debeamus
888 1017 923 1055 ne
946 1017 1003 1056 non
1027 1001 1120 1057 solum

105 1084 197 1137 multa
215 1082 324 1136 incerta
343 1081 392 1135 sed
411 1079 498 1135 etiam
515 1080 590 1134 11111
607 1080 698 1134 multa
715 1079 746 1133 in
767 1079 950 1148 reliquiarum
973 1080 1120 1136 collectio-

104 1179 169 1217 nem
194 1161 354 1230 subrepant.
392 1159 506 1215 Claudit
528 1161 621 1214 totum
644 1176 745 1230 agmen
765 1159 932 1229 Froehdius,
961 1160 1004 1215 vir
1022 1160 1120 1231 singu-

106 1241 161 1296 lari
178 1240 331 1311 industria,
350 1240 399 1310 qui
414 1239 527 1310 scripsit
541 1240 576 1294 dc
590 1239 619 1295 C.
634 1238 704 1293 Iulio
718 1239 854 1310 Romane,
868 1239 989 1295 Charisii
1003 1242 1120 1296 auctore

108 1321 265 1393 (supplem.
280 1321 351 1377 Arm.
370 1320 439 1389 phil.
457 1324 545 1390 1892),
565 1319 666 1374 deinde
685 1321 720 1374 de
738 1317 847 1374 Valerii
863 1320 949 1374 Pr0bi
965 1320 1064 1376 libello
1083 1321 1120 1375 de

104 1403 217 1457 nomine
245 1401 398 1473 (Supplem.
417 1401 489 1456 Arm.
507 1399 577 1469 phil.
598 1402 677 1469 1891)
706 1401 735 1454 11
762 1415 828 1469 ego,
857 1401 906 1468 qui
934 1401 1033 1456 codem
1060 1399 1120 1455 fere

103 1485 230 1551 ternpore
258 1480 335 1535 edidi
359 1480 460 1535 Studia
486 1497 550 1534 mea
573 1479 703 1535 Gelliana
730 1482 759 1534 et
777 1479 921 1550 Pliniana,
944 1480 1030 1550 paulo
1053 1483 1121 1549 post

103 1561 250 1631 disputavi
282 1560 313 1613 in
344 1559 446 1614 Berlin.
474 1558 543 1628 phil.
572 1559 771 1615 Wochenschr.
793 1565 860 1614 1891
889 1561 996 1630 11150,
1016 1566 1048 1614 51
1083 1561 1120 1615 de

103 1640 271 1709 fragmentis
299 1638 436 1693 Plinianis
464 1655 536 1707 quae
568 1640 644 1709 apud
672 1639 795 1694 Nonium
823 1644 852 1694 et
878 1642 1057 1710 Anonymum
1084 1642 1121 1696 de

104 1720 200 1775 dubiis
227 1718 389 1774 nominibus
416 1719 459 1788 (K.
478 1717 515 1787 V)
542 1718 731 1776 inveniuntur.
767 1720 894 1789 Denique
917 1721 948 1774 in
970 1721 1120 1792 Philologo

104 1801 140 1857 N.
159 1800 189 1855 F.
208 1800 282 1855 Vl3
307 1816 392 1866 quam
415 1797 580 1854 brevissime
603 1800 794 1856 demonstravi
817 1803 925 1870 quanta
947 1801 1067 1856 materia
1089 1801 1122 1855 in

104 1881 159 1934 hoc
178 1897 248 1950 opus
267 1880 435 1948 consumpta
453 1877 499 1948 111,
514 1880 584 1946 quot
603 1879 761 1950 scriptores,
780 1883 890 1951 poetae,
909 1880 1046 1951 historici,
1065 1883 1122 1937 cet.

105 1961 135 2014 in
157 1960 238 2016 libris
261 1958 454 2030 grammaticis
473 1959 659 2016 nominentur.
696 1961 829 2015 Froehdii
848 1962 883 2015 de
901 1960 972 2015 iulio
990 1961 1120 2017 Romano

104 2041 219 2095 libellus
243 2039 400 2094 studiorum
427 2038 458 2093 in
485 2038 577 2093 fontes
601 2039 781 2095 Charisianos
809 2041 892 2109 quasi
919 2041 1020 2096 ultima
1042 2040 1121 2096 linea

105 2124 162 2190 est,
185 2136 276 2188 neque
294 2119 387 2172 minus
404 2119 466 2188 ipse
484 2118 516 2172 in
535 2119 636 2174 studiis
655 2119 792 2175 Gallionis
816 2123 846 2175 et
870 2121 901 2173 in
923 2120 1121 2191 perquirendis

105 2200 192 2255 Nonii
209 2199 290 2254 libris
310 2199 347 2252 ad
365 2200 476 2268 tempus
495 2199 626 2254 extremis
644 2198 772 2254 terminis
792 2199 1024 2271 appropinquavi.
1056 2199 1122 2255 Cer-

105 2281 247 2336 tissimum
275 2282 319 2335 est
349 2279 380 2333 in
412 2279 522 2347 aliquot
550 2278 661 2349 scriptis
689 2279 844 2335 minoribus
872 2279 1121 2350 grammaticorum

107 2361 199 2416 multa
216 2359 348 2414 Pliniana
365 2359 470 2429 inesse,
490 2361 522 2413 ut
548 2375 582 2413 ex
599 2359 781 2415 bibliothecis
805 2360 957 2429 aliquando
981 2377 1031 2430 per
1049 2360 1122 2415 haec

106 2442 232 2495 tractata
258 2456 333 2494 nova
358 2438 490 2492 Pliniana
521 2438 552 2492 in
583 2439 676 2494 lucem
708 2439 851 2510 prolatum
880 2440 917 2494 iri
947 2459 1004 2496 non
1034 2440 1121 2510 plane

109 2520 315 2591 desperandum
334 2518 378 2574 sit.
416 2520 459 2573 Ex
478 2518 575 2589 copiis,
594 2537 665 2588 quas
684 2519 832 2589 habemus,
851 2520 945 2575 omnia
963 2521 1021 2576 iam
1034 2519 1122 2575 Plinii

106 2603 259 2670 praecepta
291 2598 350 2653 sive
382 2598 593 2654 observationes
621 2603 765 2671 excerptas
793 2617 867 2669 esse,
896 2600 1036 2654 affirmare
1063 2616 1123 2655 non

109 2679 214 2749 ausim,
234 2679 284 2732 sed
306 2678 373 2732 illae
396 2678 479 2732 huius
503 2679 677 2734 collectionis
701 2697 787 2750 opera
805 2679 917 2735 facilius
936 2679 1120 2750 decipientur,

108 2759 201 2827 Atque
220 2759 291 2814 hora
308 2758 378 2828 ruit;
399 2788 433 2798 -
451 2758 509 2812 iam
524 2759 594 2813 satis
607 2759 743 2830 temporis
757 2762 787 2814 et
800 2776 902 2829 operae
915 2759 946 2814 in
959 2759 1003 2813 his
1018 2758 1121 2814 studiis

107 2839 269 2910 consumpsi
287 2838 358 2894 alios
378 2855 491 2910 campos
509 2841 719 2909 peragraturus.

180 2999 354 3068 Fragmenta
367 3014 440 3067 quae
459 3000 614 3067 sequuntur
630 2999 717 3068 pretii
733 2999 855 3054 maxime
869 2999 974 3054 diversi
987 3015 1048 3054 esse
1062 2999 1122 3054 iam

110 3078 210 3134 elucet.
247 3077 341 3132 Primo
364 3078 426 3134 loco
451 3081 516 3133 sunt
539 3095 586 3149 ea,
610 3096 683 3148 quae
701 3079 787 3133 Plinii
808 3079 920 3134 nomine
943 3082 1121 3135 111111111-

111 3158 185 3213 didit
209 3157 366 3229 Charisius,
395 3160 515 3214 secundo
548 3175 621 3227 quae
650 3161 726 3229 apud
753 3161 885 3230 eundem,
914 3159 973 3215 sive
994 3159 1039 3214 his
1062 3160 1122 3216 fere

111 3237 215 3293 similia
243 3241 309 3293 sunt
334 3239 392 3294 sive
417 3238 539 3293 auctoris
562 3238 687 3293 Pliniani
714 3239 832 3295 alicuius
855 3256 957 3294 nomen
980 3241 1030 3293 aut
1049 3237 1122 3294 alias

111 3321 193 3374 notas
211 3334 280 3390 prae
299 3336 329 3374 se
347 3319 449 3390 ferunt,
467 3319 558 3375 Plinio
579 3319 638 3374 sine
657 3319 743 3374 dubio
763 3318 922 3374 addicenda
938 3321 1016 3388 sunt,
1035 3317 1121 3373 tertio

112 3415 185 3465 quae
198 3399 272 3454 inter
286 3399 344 3454 alia
357 3399 489 3455 Pliniana
502 3399 597 3470 posita
610 3398 674 3454 aliis
690 3399 850 3454 auctoribus
859 3398 939 3453 nulla
949 3397 1026 3453 iusta
1036 3416 1123 3455 causa

96 3481 227 3539 possunt
235 3479 391 3549 reservant,-
408 3479 481 3535 haec
495 3479 640 3551 excipiunt
652 3479 761 3534 incerta
774 3480 804 3533 et
817 3477 916 3548 dubia,
931 3478 962 3533 in
975 3478 1077 3547 quibus
1088 3495 1123 3534 ea

81 3557 283 3625 1111111111,
305 3575 383 3626 quae
403 3561 460 3618 etsi
477 3561 648 3620 Plinianam
667 3558 905 3618 consuetudinem
921 3561 1132 3627 1111111111-
