2460 3840
129 163 170 227 72
370 161 411 218 De
430 160 523 216 dubiis
541 159 691 230 generibus
709 162 739 216 et
755 161 887 218 numeris.

193 312 228 374 Κ.
248 312 277 370 V
296 315 369 393 584,
389 315 431 373 24
454 313 586 372 Nasum
605 311 722 389 generis
741 313 850 390 neutri,
874 316 910 373 ut
928 312 1064 372 Lucilius
1082 331 1136 373 rru-

127 403 444 572 {rsmlvtoglgorpicgsffue
466 406 578 462 emtum
601 400 798 517 (Νοι1.215,4
820 401 929 479 Anon,
957 402 992 461 de
1016 403 1136 470 nomine

156 539 162 552 .
315 539 322 570 ,
402 539 408 550 .

195 579 247 640 Oh.
264 583 313 659 99,
325 583 365 640 22
381 579 592 639 Necessitas
606 578 726 654 imperii
741 582 794 655 est,
809 579 999 639 necessitudo
1014 581 1136 659 sangui·

102 670 175 729 onis
202 670 382 729 coniunctio.
424 667 587 728 Sallustius
614 671 716 726 tamen
745 661 1018 728 ‘necessitudinem’
1047 688 1138 746 saepe

127 778 181 836 pro
206 751 417 817 ‘necessitato'
440 757 534 834 ponit,
561 775 616 815 nec
643 774 788 833 umquam
810 775 865 832 pro
890 751 1137 818 ‘necessitudine'

128 841 361 907 ‘necessitatem'
381 848 435 905 aut
451 846 517 921 ipse
536 847 591 904 aut
610 844 770 921 quisquam
788 848 924 906 veterum
940 839 1030 925 (Non.
1046 839 1137 926 354).

195 935 246 995 Ch.
268 938 318 1012 90,
337 935 380 994 24
402 934 532 1010 Neptis
555 934 746 1011 grammatici
763 933 872 994 nolunt
894 934 963 1012 dici,
987 936 1066 1013 quod
1085 955 1138 996 no-

127 1025 210 1084 mina
235 1025 267 1082 in
297 1041 329 1084 os
356 1022 497 1082 exeuntia
529 1022 669 1099 genetivo
702 1021 849 1100 singulari
875 1026 902 1083 is
931 1023 1079 1083 finiuntur
1107 1027 1139 1084 et

88 1131 188 1172 1onon
219 1115 346 1188 possunt
377 1111 506 1171 transire
537 1113 570 1169 in
601 1110 757 1190 feminina,
789 1114 826 1170 nt
859 1115 960 1172 custos
992 1113 1138 1192 custodis,

128 1202 267 1261 sacerdos
290 1201 466 1278 sacerdotis,
494 1217 587 1276 nepos
610 1199 740 1276 nepotis,
772 1203 803 1259 et
825 1201 974 1262 advocant
995 1202 1138 1279 Ennium,

128 1291 208 1368 quod
236 1290 343 1349 dkcrit
369 1290 426 1367 ita,
453 1290 517 1349 Ilia
544 1291 594 1349 dio
620 1306 721 1362 nepos,
749 1307 822 1362 quas
849 1307 985 1350 erumnas
1012 1292 1137 1350 intulisti.

128 1380 181 1439 sed
209 1380 392 1439 consuetudo
421 1380 561 1454 nepotem
588 1377 754 1437 masculino
783 1380 814 1436 et
841 1381 963 1455 neptem
994 1379 1138 1439 feminino

127 1487 235 1548 genere
258 1468 426 1544 usurpavit.

89 1573 115 1614 15
196 1556 247 1616 ch.
264 1559 336 1633 102,
354 1559 394 1615 14
413 1555 516 1614 Nihil
534 1555 560 1615 si
578 1555 668 1632 dicas,
688 1554 889 1632 quantitatem
906 1558 1004 1632 notas;
1023 1556 1139 1616 sivero

128 1646 216 1705 nihili
243 1646 387 1704 adiuncta
413 1647 440 1722 i,
471 1644 601 1704 hominis
628 1661 733 1703 mores.
779 1643 866 1704 cuius
893 1645 1022 1704 nominis
1053 1644 1139 1723 origo

128 1735 201 1792 haec
221 1737 279 1793 est:
301 1734 399 1792 hilum
416 1732 513 1792 Varro
532 1752 633 1791 rerum
650 1734 851 1791 humanarum
868 1733 1046 1792 intestinum
1065 1732 1141 1793 dicit

128 1822 352 1900 tenuissimum,
381 1821 461 1898 quod
489 1821 542 1880 alii
564 1822 673 1880 hillum
696 1821 939 1898 appellaverunt,
963 1825 999 1880 ut
1020 1822 1139 1881 intelle-

129 1914 252 1988 geretur
280 1911 459 1970 intestinum
486 1913 611 1986 propter
634 1909 862 1970 similitudinem
885 1911 1010 1987 generis,
1058 1911 1139 1969 unde

89 2019 116 2059 so
129 2001 248 2077 antiqui
267 1998 442 2058 creberrime
466 1999 588 2074 dempta
605 1999 710 2058 littera
727 1999 824 2057 hilum
843 2018 963 2076 quoque
984 1999 1140 2076 dixerunt3

128 2089 208 2148 unde
231 2089 434 2166 intellegimus
457 2087 533 2146 nihil
555 2087 619 2146 siue
642 2087 824 2164 aspiratione
848 2088 955 2148 vitiose
980 2087 1046 2147 dici.

196 2178 356 2237 Praeterea
380 2178 416 2236 cf.
439 2176 475 2236 K.
494 2175 523 2233 V
542 2178 606 2236 584
630 2177 768 2248 nucleus,
790 2176 849 2236 nix.

616 2341 653 2396 0.

197 2442 248 2503 Oh.
270 2445 320 2519 72,
341 2445 380 2502 17
405 2441 564 2502 Ocimum
583 2441 766 2502 consuetudo
785 2441 965 2501 neutraliter
983 2442 1063 2502 dicit.
1087 2444 1141 2503 sed

90 2550 117 2592 ss
130 2533 280 2592 Aemilius
309 2533 409 2591 Macer
436 2533 480 2591 ait
511 2535 586 2592 iuter
607 2533 784 2606 praeteritus
810 2533 1011 2591 numerabitur
1032 2533 1142 2592 camus

129 2622 232 2682 herbas
256 2615 346 2703 (Non.
367 2611 454 2701 550).

198 2709 248 2768 Oh.
274 2712 329 2787 99,
353 2712 372 2770 8
406 2708 547 2769 Olivam
580 2707 769 2786 grammatici
801 2707 939 2767 arborem
970 2707 1141 2786 significare

31 2791 33 2795 ’
130 2799 246 2869 volunt,
266 2797 363 2857 oleam
381 2799 527 2873 fructum3
547 2798 729 2857 seductores
748 2797 804 2855 hoc
822 2815 883 2854 non
898 2795 1141 2858 observaverunt.

132 2887 321 2946 econtrario
351 2886 429 2946 enim
454 2886 606 2964 Vergilius
633 2885 767 2945 fructum
795 2885 919 2962 olivam,
947 2889 1142 2960 perpingues

91 2978 275 3036 coenomia
302 2976 406 3048 faciem
428 2980 589 3034 nuscuntur
616 2976 709 3034 ollone
730 2968 889 3051 <arborem
917 2976 1019 3033 autem
1043 2975 1142 3034 oleam

132 3065 220 3142 dixit,
242 3065 292 3124 secl
315 3066 424 3123 truncis
447 3059 544 3141 oleae>
567 3064 668 3122 melico
685 3066 848 3138 propagine
868 3064 951 3137 vitea
976 3062 1141 3122 etiterum

125 3156 239 3230 prolem
261 3154 344 3212 tarde
366 3154 515 3211 crmcentis
537 3153 636 3211 otccc.

199 3241 364 3319 Oh.99,15
381 3239 548 3317 Olympia
561 3241 705 3300 feminino
719 3259 827 3318 genere
841 3240 926 3300 locus
940 3239 1005 3315 ipse
1020 3238 1140 3314 dicitur,

132 3330 296 3391 certamina
324 3349 395 3389 vero
422 3329 609 3390 neutraliter.
646 3348 717 3388 nam
744 3328 840 3387 Varro
869 3327 913 3386 ait
943 3327 1077 3402 Olympia
1109 3331 1142 3389 ic

88 3435 117 3473 rs
129 3421 214 3478 ludos
231 3420 343 3487 incitat,
363 3419 436 3478 item
455 3417 492 3476 de
510 3418 656 3494 poematis
677 3416 840 3493 Olympium
857 3433 916 3474 non
934 3420 1058 3477 cremat.
1089 3418 1142 3476 sed

107 3502 194 3559 niem
218 3505 259 3562 de
278 3511 376 3580 gente
396 3507 510 3586 populi
534 3507 666 3570 Romani
685 3505 735 3567 m
759 3507 842 3566 ludos
866 3503 1000 3580 Olympio
1027 3507 1142 3579 secant.
