2460 3840
348 162 389 216 De
409 160 502 216 dubiis
521 161 670 233 generibus
689 163 719 215 et
735 160 866 216 numeris.
1070 160 1109 224 Ii

104 317 230 394 Valgius
253 316 285 374 in
308 313 525 392 epigrammate
548 315 607 372 atta
628 330 748 387 rugosa
776 313 906 373 mtmzda
926 306 930 391 Ι
950 315 1114 388 margareta

103 409 133 465 et
151 404 247 464 Varro
267 402 495 480 epistulioarum
512 400 588 460 VIII
613 403 807 476 margarltwm
822 419 928 471 aaran,
951 404 1114 477 margareta

98 497 200 569 plura.
246 492 299 553 sed
329 491 410 551 idem
437 490 534 549 Varro
563 507 651 565 saepe
680 492 711 548 et
738 490 792 548 alii
818 489 920 566 plures
948 492 1114 569 margarita

102 582 244 642 feminine
277 582 430 656 dixerunt3
462 579 495 637 in
526 579 667 656 genetivo
694 581 796 637 tamen
826 578 940 655 plurali
968 599 1029 638 non
1056 580 1114 639 nisi

101 671 246 731 feminino
269 689 378 749 genere
402 668 637 746 margaritarum
656 662 722 746 (Oh.
739 669 791 742 57,
810 669 865 744 273
888 668 964 727 Non.
980 659 1068 748 214).
1141 685 1154 726 5

169 759 220 820 Ch.
243 762 294 837 65,
314 761 331 818 6
360 758 482 834 Margo
507 756 649 816 feminino
672 774 795 834 genere,
818 759 855 815 ut
876 757 980 834 virgo,
1002 757 1113 834 imago,

102 849 258 927 Karthago
287 850 317 907 et
345 849 456 925 cetera,
485 863 562 922 quae
590 847 659 904 ante
687 863 703 904 o
730 843 844 904 habent
867 864 900 923 μς
927 844 1054 922 ideoque
1083 848 1114 905 et

102 938 251 997 Aemilius
274 936 376 996 Macer
398 935 443 994 ait
464 937 588 1006 flumine
609 936 742 1008 moratae
763 953 891 1014 worma,
919 937 951 994 et
972 933 1113 994 Rabirius

103 1027 214 1086 extulit
239 1027 347 1086 Idaeos
377 1041 492 1084 muno
523 1041 588 1082 eum
618 1026 750 1097 margine
779 1024 873 1084 eolles
916 1023 1114 1084 inveniuntur
1204 1031 1205 1035 ’

101 1119 203 1175 tamen
222 1134 258 1174 ex
276 1114 380 1174 eadem
398 1112 495 1172 forma
512 1111 689 1188 masculina,
707 1112 791 1190 uligo
812 1114 843 1171 et
866 1112 996 1190 farrago.
1021 1131 1154 1189 quarem

103 1204 185 1280 apud
212 1206 350 1263 auotores
377 1219 481 1278 margo
508 1201 674 1260 masculino
704 1218 824 1278 quoque
856 1201 969 1260 dieitur
995 1220 1113 1278 genere,

102 1296 138 1351 ut
161 1293 243 1368 apud
266 1290 408 1352 Ovidium
431 1290 566 1350 brosella
589 1291 671 1363 longo
691 1288 696 1364 Ι
715 1292 859 1366 moretm
888 1292 919 1349 et
940 1291 1115 1366 frequenter

103 1381 200 1440 Varro
223 1400 324 1439 rerum
346 1379 529 1438 rusticarum
551 1378 602 1437 sio.

170 1469 221 1529 (th.
242 1472 293 1547 57,
314 1471 353 1529 16
377 1467 520 1527 Merula
543 1485 582 1525 an
601 1464 735 1525 merulus
755 1460 933 1545 [κόσσυφος]
954 1467 1115 1526 dicendum

102 1558 143 1617 sit
166 1558 330 1636 quaerItur.
368 1557 484 1615 merula
511 1554 637 1614 dicenda
665 1557 718 1614 est.
756 1555 858 1616 avium
886 1555 965 1615 enirn
992 1556 1154 1615 nomina1s

103 1648 251 1724 quaedam
269 1649 391 1706 tantum
404 1644 579 1721 masculina,
598 1643 747 1720 quaedam
765 1644 910 1703 feminina
924 1645 1113 1704 extremitate

102 1737 147 1795 ita
167 1736 238 1796 olim
258 1733 442 1795 consuetudo
457 1732 591 1809 possedit
610 1734 645 1791 ut
663 1732 783 1810 signata
796 1733 898 1809 potius
914 1752 1005 1810 quam
1024 1752 1113 1792 usur·

101 1827 176 1901 pata
202 1824 355 1899 videatnr3
387 1822 567 1899 masculina,
598 1824 662 1880 tarn
691 1840 782 1898 quam
813 1840 933 1900 corvus,
966 1824 1114 1901 gragulus

102 1910 230 1990 κολοιός,
262 1912 424 1987 psittacus3
456 1910 614 1986 feminina,
645 1912 710 1968 tam
737 1929 829 1988 quam
856 1912 971 1989 aquila,
999 1912 1114 1971 ciconia

102 1998 253 2081 πελαργός,
276 2000 370 2059 fulica
393 1997 489 2079 λάρος.
521 2000 578 2059 hoo
601 2014 721 2077 quoque
745 2000 781 2059 de
805 2019 864 2077 quo
889 2000 1046 2078 quaeritur
1067 2000 1112 2058 in·
1126 2018 1154 2060 ao

102 2091 225 2167 pensius
243 2090 275 2147 in
294 2084 356 2168 (a)
375 2089 493 2148 merula
511 2088 613 2164 potius
632 2107 724 2165 quam
742 2108 797 2165 per
814 2107 850 2148 us
867 2089 1002 2147 merulus
1022 2108 1113 2148 enun-

103 2179 240 2239 tiabitur.

170 2266 221 2326 Oh.
244 2269 293 2343 72,
313 2268 354 2326 23
373 2266 541 2325 Mendum
559 2266 739 2326 neutraliter
757 2266 853 2325 Varro
872 2266 904 2324 in
921 2263 1113 2324 Admirandis

102 2357 187 2435 dixit,
209 2374 348 2431 magnum
370 2357 518 2433 meadum
541 2356 594 2414 sed
613 2353 739 2415 Ovidius
757 2353 901 2413 feminine
923 2359 1003 2413 nocte
1026 2356 1115 2413 latent

101 2448 234 2514 menelae,
266 2446 340 2504 item
368 2447 468 2504 aalma
494 2447 561 2518 ipso
592 2446 653 2503 dies
679 2445 773 2502 omnis
800 2460 815 2502 e
841 2460 958 2517 corpore
985 2444 1113 2502 mendas.
1127 2459 1154 2501 25

102 2553 174 2611 ergo
196 2534 339 2592 mendum
356 2533 388 2591 in
406 2532 555 2592 mendacii
574 2530 792 2610 significatione
812 2531 937 2608 dicetur,
955 2531 1064 2590 menda
1082 2531 1114 2591 in

103 2623 193 2698 eulpa
217 2622 315 2697 operis
338 2622 388 2683 vel
412 2621 544 2697 oorporIs
568 2613 660 2702 (Non.
680 2613 767 2698 214).

170 2708 221 2770 Oh.
242 2711 293 2782 81,
314 2701 389 2792 3(?)
417 2710 615 2769 Munifious
639 2713 686 2769 est
708 2711 771 2768 tam
794 2728 886 2787 quam
908 2708 1059 2768 beneficus
1084 2711 1115 2768 et

102 2798 271 2876 maleficus,
303 2798 439 2856 munifex
467 2802 569 2858 autem
596 2802 660 2858 tam
689 2817 779 2875 quam
808 2798 908 2874 opifex
935 2801 967 2858 et
996 2798 1114 2857 artifex.

64 2896 66 2899 ’
102 2889 206 2966 itaque
229 2887 389 2946 munificus
408 2906 534 2946 munera
550 2888 690 2966 largitur,
713 2888 848 2947 munifex
866 2889 968 2946 autem
987 2906 1113 2945 munera
1127 2904 1155 2944 ao
1205 2953 1209 2960 ⁸

102 2978 250 3055 fungitur.

589 3104 630 3160 N.

164 3208 200 3267 K.
219 3207 247 3266 V
267 3209 341 3285 584,
361 3209 401 3266 27
430 3206 574 3267 Naevus
598 3207 715 3284 generis
739 3208 851 3285 neutri,
880 3208 931 3267 sed
954 3205 1050 3265 Varro
1075 3206 1113 3265 ad

106 3294 279 3356 Oieeronem
302 3291 361 3355 ‘hio
385 3288 519 3356 naevus'.

175 3524 190 3573 6
209 3520 336 3592 margo]
355 3518 420 3576 vide
440 3518 529 3576 Keilii
546 3517 614 3577 adn.
