2460 3840
117 139 184 196 VIII
403 139 653 194 commentariolus
672 139 841 211 isagogicus.

118 282 253 352 Diogenis
276 281 426 351 Babylonii
452 299 554 336 nomen
581 281 697 352 μεσότης
723 281 877 351 invenisse,
907 284 982 350 quod
1004 283 1127 338 medium

117 362 191 418 inter
214 363 304 433 ὄνομα
328 366 356 417 et
379 359 455 433 ῥῆμα
480 381 561 417 suum
584 362 675 417 locum
699 361 817 416 haberet
852 362 943 433 (Diog.
963 364 992 419 L.
1008 364 1060 417 VH
1074 365 1127 434 5⁷).

116 443 158 497 Dc
177 443 261 497 tertio
280 443 416 498 vocabulo
434 441 594 513 πανᾶἑκτης
612 441 684 496 nihil
701 441 760 496 fere
779 442 848 497 certi
866 442 1004 497 traditum
1022 446 1073 499 est.

188 523 368 594 Perspicuum
388 525 432 578 est
451 523 559 578 Stoicos
577 523 608 576 in
626 522 675 590 iis,
695 521 744 590 qui
762 522 909 577 scientiam
927 524 1042 594 linguae
1059 527 1127 580 tunc

116 602 252 672 temporis
280 619 348 657 sane
380 602 411 657 in
440 603 618 657 incunabulis
641 605 798 657 versantem
827 604 984 674 coluerunt,
1007 603 1127 674 primum

119 682 219 737 ducere
237 699 347 753 agmen,
375 681 449 747 Quos
469 682 712 751 subsequebantur
725 682 916 754 Alexandrini,
935 701 1037 755 agmen
1051 685 1128 739 clau-

116 761 187 817 dunt
204 762 332 818 Romani.
374 762 486 816 Florere
513 762 584 816 haec
613 761 766 832 disciplina
793 763 950 832 incipiebat
975 767 1036 819 tum
1064 783 1125 820 cum

117 841 287 897 Graecorum
314 842 432 896 libertas
456 845 485 896 et
507 858 611 912 magna
634 842 726 911 gloria
748 844 784 896 ad
809 842 955 899 interitum
982 845 1125 916 vergebat.

116 921 184 975 Inde
200 921 235 974 ab
250 919 286 974 iis
301 920 474 990 temporibus
489 938 552 975 cum
566 922 643 977 docti
656 923 840 977 Alexandrini
854 924 1003 996 scriptores
1017 927 1126 980 veteres

117 1001 274 1068 emendare,
290 999 434 1069 adnotare,
449 1016 580 1054 enarrare
594 1001 723 1057 omnibus
738 1002 843 1057 viribus
859 1005 1018 1074 studebant,
1034 1007 1126 1059 ortum

116 1082 160 1134 est
179 1082 321 1134 certamen
340 1079 413 1133 illud
430 1079 504 1134 inter
519 1096 575 1150 eos,
590 1080 640 1149 qui
659 1082 819 1151 analogiam
834 1085 863 1137 et
877 1099 933 1143 eos,
948 1084 997 1153 qui
1011 1101 1124 1139 anoma-

115 1159 184 1213 liam
203 1158 399 1215 defendebant.
436 1159 551 1229 Deque
571 1161 722 1217 certamine
741 1161 843 1231 Varro,
863 1161 897 1217 de
919 1163 1017 1232 lingua
1034 1163 1126 1219 latina

113 1239 163 1295 lib.
177 1239 252 1309 VIII,
270 1240 317 1310 IX,
337 1239 363 1293 X
380 1239 470 1294 fusius
489 1240 654 1310 disputavit.
683 1241 744 1295 Hoc
761 1244 904 1296 certamen
922 1244 997 1311 quod
1017 1261 1124 1298 summo

115 1318 208 1374 studio
227 1336 277 1389 per
295 1322 339 1374 tot
358 1337 446 1376 annos
464 1321 601 1391 gerebant
619 1322 678 1375 tam
692 1321 776 1375 multi
794 1321 856 1390 viri,
869 1321 963 1390 ipsum
977 1323 1124 1377 Caesarem

114 1399 247 1455 incitavit
265 1401 303 1455 ad
322 1401 483 1456 scribendos
501 1401 588 1455 libros
607 1403 676 1455 duos
696 1401 731 1455 de
749 1401 889 1472 analogia.
920 1401 957 1456 Et
975 1401 1042 1470 quid
1061 1419 1124 1472 pro·

112 1480 240 1535 fecerunt
258 1483 318 1536 tam
345 1481 447 1536 acriter
468 1483 646 1551 pugnantes?
681 1483 723 1537 Ex
746 1480 799 1535 hoc
821 1481 988 1551 certamine,
1011 1484 1043 1536 ut
1066 1482 1125 1536 alia

115 1561 253 1632 omittam,
274 1565 336 1617 orta
355 1564 399 1617 est
415 1560 498 1633 τέχνη
517 1562 702 1632 γραμματική.
730 1562 800 1616 Tum
819 1577 875 1631 pax
893 1561 971 1616 facta
989 1563 1033 1616 est
1050 1561 1125 1616 inter

113 1644 261 1712 utrosque,
289 1645 349 1696 tum
373 1642 485 1696 demum
508 1641 544 1696 iis
571 1658 735 1711 persuasum
764 1644 825 1696 erat
852 1644 882 1696 et
909 1641 1070 1710 analogiam
1094 1645 1123 1696 et

113 1721 282 1776 anomaliam
297 1738 423 1791 regnare.
442 1722 543 1790 Itaque
556 1721 719 1792 philosophi
732 1721 899 1792 digerebant
911 1721 1026 1791 linguae
1035 1725 1123 1777 mate-

111 1800 184 1855 riam
192 1817 313 1870 suaeque
323 1801 581 1872 singulavocabula
591 1801 676 1856 classi
685 1801 856 1872 tribuebant,
864 1801 1123 1872 grammaticiquae

113 1880 218 1935 similia
235 1897 308 1949 quae
323 1880 473 1936 dissimilia
491 1881 624 1949 cuiusque
643 1881 742 1935 classis
761 1882 955 1951 coniungenda
974 1885 1024 1937 aut
1043 1898 1121 1952 sepa·

111 1960 201 2014 randa
215 1963 309 2016 essent
323 1961 505 2029 quaerebant,
520 1961 610 2015 nostri
624 1961 756 2030 aequales
771 1961 896 2032 singulos
911 1961 1022 2016 ordines
1036 1979 1121 2031 quam

110 2040 294 2110 plurimarum
312 2039 472 2111 linguarum
487 2044 660 2110 comparant,
675 2041 710 2096 de
725 2041 843 2110 singulis
861 2041 958 2096 formis
976 2041 1124 2110 inquirunt

112 2123 141 2175 et
163 2138 249 2175 unam
271 2122 444 2190 eandemque
463 2137 560 2177 vocem
579 2123 609 2176 et
625 2120 853 2176 terminationem
870 2121 901 2175 in
919 2121 1015 2176 multis
1033 2122 1123 2178 latere

114 2201 305 2256 demonstrare
315 2204 459 2256 conantur.
478 2202 573 2256 inhac
582 2218 612 2256 re
621 2200 759 2256 maximae
769 2200 891 2255 utilitati
899 2201 986 2256 fuisse
995 2201 1122 2271 linguam

113 2297 220 2335 sacram
231 2281 364 2335 Indorum
372 2298 455 2336 nemo
466 2283 510 2336 est
519 2280 588 2350 quin
597 2281 676 2338 sciat.
699 2281 811 2336 Etenim
822 2282 909 2337 habet
917 2284 1044 2337 nostrum
1054 2300 1122 2352 quo·

111 2377 166 2430 que
177 2361 319 2415 saeculum
330 2378 394 2416 suos
404 2361 590 2432 Aristarchos,
603 2361 652 2431 qui
661 2363 862 2431 perscrutando
873 2379 971 2431 eorpus
981 2365 1121 2417 mortuum

111 2440 271 2496 viventibus
289 2441 464 2510 profuemnt.
500 2442 525 2495 A
545 2441 657 2496 scholae
675 2441 882 2496 Alexandrinae
902 2441 1039 2511 discipulo
1053 2441 1122 2497 Dio-

109 2520 190 2590 nysio
205 2520 313 2575 Thrace
333 2537 405 2577 saec.
420 2522 432 2575 I
450 2521 565 2576 ineunte
583 2520 700 2575 tandem
718 2522 846 2576 confecta
865 2525 909 2576 est
922 2539 967 2576 ars
981 2539 1121 2591 gramma-

109 2601 180 2669 tica,
205 2616 278 2668 quae
301 2616 352 2669 per
378 2600 470 2655 multa
497 2601 610 2655 saecula
635 2600 763 2671 linguam
789 2618 920 2670 graecam
948 2601 1121 2657 discentibus

110 2680 219 2749 optima
249 2684 311 2735 erat
337 2681 394 2734 dux
419 2683 449 2735 et
470 2679 653 2736 conciliatrix.
690 2683 751 2736 Hoc
773 2679 870 2736 libello
893 2681 980 2736 etiam
1002 2683 1122 2737 Romani

109 2760 263 2814 utebantur
280 2758 370 2815 veluti
387 2760 490 2832 Varro,
509 2761 630 2832 Plinius,
649 2761 814 2829 Palaemon,
832 2761 1000 2819 Priscianus.
1038 2762 1121 2832 Quin,

109 2840 185 2909 quod
203 2839 376 2895 rarissimum
396 2843 457 2895 erat
470 2840 506 2895 iis
520 2841 703 2912 temporibus,
722 2842 827 2896 saecV
841 2860 867 2912 p.
879 2843 907 2899 0.
917 2861 944 2899 n.
959 2843 990 2897 in
1007 2841 1120 2912 linguas

109 2918 287 2975 Armenicum
307 2922 336 2975 et
355 2919 498 2990 Syriacam
517 2921 591 2975 hanc
609 2923 700 2975 artem
717 2922 874 2979 vertebant.
908 2922 962 2989 Qui
978 2923 1009 2977 in
1027 2939 1119 2992 gram-

108 2998 221 3055 maticis
249 2999 346 3054 latinis
375 3001 500 3055 studium
527 3017 697 3070 operamque
724 2999 863 3069 impendit
890 3001 964 3056 hunc
991 3001 1119 3056 libellum

107 3079 256 3149 neglegere
283 3078 362 3134 nullo
390 3080 473 3134 modo
500 3083 602 3150 potest.
645 3080 744 3135 Partes
772 3080 909 3136 orationis
937 3080 1020 3151 λόγου
1048 3079 1118 3151 μέρη

107 3175 222 3214 numero
241 3160 303 3214 octo
323 3176 340 3213 a
359 3159 543 3229 grammatico
558 3159 692 3231 Dionysio
711 3160 951 3230 migravemntin
966 3178 1051 3231 opera
1064 3162 1118 3216 Ro·

106 3255 267 3310 manorum,
291 3238 341 3309 qui
363 3239 474 3309 ἄρθρον
498 3255 547 3294 suo
570 3240 632 3295 loco
650 3256 762 3295 movere
781 3240 872 3296 coacti
893 3239 1118 3296 interiectionem

108 3319 286 3375 addiderunt.
319 3319 386 3374 Noli
403 3321 504 3389 putare
522 3319 617 3374 omnia
634 3323 696 3375 tum
713 3321 835 3390 primum
854 3319 1018 3389 aDionysio
1036 3321 1120 3389 quasi

106 3397 222 3452 inventa
240 3414 314 3454 esse:
337 3397 384 3453 hic
403 3397 474 3452 enim
494 3398 589 3453 studia
608 3401 637 3454 et
654 3403 806 3470 praecepte
825 3401 1032 3455 antecessorum
1051 3403 1119 3470 apte

101 3480 136 3526 et
151 3477 229 3530 clarc
247 3478 403 3548 effingebat
417 3494 512 3548 pauca
531 3496 546 3534 e
566 3496 615 3535 suo
636 3479 782 3536 sententiis
802 3479 926 3548 antiquis
944 3479 1077 3535 inserens.
