2460 3826
379 152 629 208 Commentariolus
647 153 817 224 isagogicus.
1046 156 1101 210 VII

89 297 201 367 ἄρθρον
233 299 396 366 (pronomen
428 298 457 350 et
489 294 647 367 articulus),
680 295 833 366 σύνδεσμος
865 298 1098 356 coniunctionem.

92 377 263 446 Seiungebat
277 375 449 446 Chrysippus
468 375 503 429 ab
523 373 614 444 ὄνομα
631 375 682 444 τὴν
700 374 900 447 προσηγορίαν,
917 378 960 432 ita
978 379 1101 434 utillud

89 460 166 512 esset
188 473 290 512 nomen
312 455 469 526 proprium,
493 455 613 509 alterum
639 472 741 511 nomen
765 457 976 526 appellativum.
1012 458 1101 513 Primi

89 537 242 591 utebantur
259 553 327 592 voce
349 543 465 603 πτῶσις,
486 550 571 603 quam
592 533 671 589 varis
692 534 915 605 interpretantur
936 537 992 592 viri
1014 537 1100 610 docti,

90 617 182 672 minus
200 616 302 672 latiore
321 633 405 670 sensu
423 617 453 670 et
471 615 507 668 ab
521 613 571 668 illo
585 616 711 684 tempore
725 615 846 685 legimus
861 617 896 671 de
910 617 1099 674 declinatione

88 715 188 754 vocum
214 698 335 768 (κλίσις),
355 695 390 749 dc
413 694 525 749 casibus
548 696 578 749 et
599 697 676 750 recto
699 697 729 750 et
752 696 887 767 obliquis,
912 697 1032 766 denique
1055 716 1100 754 oo·

89 778 225 834 currimus
252 774 413 831 nominibus
440 774 511 844 illis,
534 791 607 842 quae
629 790 680 844 per
706 775 906 845 grammaticos
929 776 1033 832 latinos
1063 779 1100 832 ad

88 861 186 914 nostra
203 864 332 926 tempora
349 856 508 925 propagata
531 857 605 910 sunt.
641 854 740 924 Magni
763 873 875 925 quoque
897 856 1033 912 momenti
1056 860 1100 913 est

91 939 166 1007 quod
194 937 333 992 docebant
361 936 395 989 de
422 935 519 1004 verb03
548 933 763 1004 distinguebant
787 937 874 991 verba
897 937 1048 992 transitiva
1071 939 1101 992 et

90 1018 280 1086 intransitiva,
300 1014 563 1070 animadvertebant
581 1013 676 1070 activa
694 1013 801 1086 (ὀρθοί),
819 1016 935 1085 passiva
949 1016 1056 1088 (θπτια)
1071 1019 1101 1073 et

90 1102 191 1154 neutra
214 1094 378 1169 (οὐδέτερα).
414 1095 453 1149 At
475 1098 542 1150 ante
561 1094 655 1150 omnia
673 1095 726 1150 hoc
755 1097 1029 1151 commemorandum
1057 1101 1101 1153 est

93 1179 200 1233 Stoicos
228 1177 332 1246 primos
358 1178 486 1244 tempora
508 1174 589 1229 verbi
615 1173 700 1242 certis
722 1174 833 1246 legibus
860 1175 1044 1231 obstrinxisse
1071 1178 1101 1232 et

91 1257 254 1314 distinxisse
272 1260 382 1326 tempus
400 1271 533 1325 praesens
552 1254 688 1309 infectum
707 1258 736 1310 et
753 1256 938 1325 praeteritum
955 1257 1100 1327 infectum,

90 1354 223 1407 praesens
253 1338 409 1406 perfectum
441 1337 471 1390 et
501 1334 686 1405 praeteritum
716 1336 886 1405 perfectum
917 1337 1044 1392 futurum
1071 1340 1101 1393 et

92 1419 212 1474 aoristus
239 1418 371 1473 nondum*
388 1415 446 1470 suis
473 1414 543 1471 locis
571 1417 652 1470 erant
678 1415 780 1486 posita.
816 1417 990 1486 Ignorabant
1011 1417 1101 1488 igitur

90 1503 148 1554 tres
176 1498 301 1554 actiones
329 1513 393 1551 cum
420 1494 477 1549 suis
507 1511 647 1564 quamque
672 1496 856 1564 temporibus.
891 1497 1004 1568 Modos,
1030 1515 1101 1567 quos

88 1597 140 1634 nos
172 1578 304 1646 dicimus,
335 1591 427 1645 neque
460 1574 548 1629 Stoici
577 1591 668 1644 neque
690 1576 780 1630 Varro
812 1577 925 1645 quidem
958 1579 1099 1649 cognovit.

90 1658 255 1714 Coniunctic
273 1656 319 1712 vel
337 1658 369 1710 ut
387 1671 488 1725 graece
507 1654 601 1708 dicam
619 1654 634 1710 ὁ
654 1655 806 1726 σύνδεσμος
824 1658 900 1726 apud
918 1657 1101 1714 Aristotelem

89 1739 163 1794 inter
177 1737 312 1793 orationis
326 1737 422 1806 partes
431 1735 555 1790 nondum
564 1736 692 1804 receptus
706 1738 750 1790 est
763 1753 853 1805 neque
863 1736 910 1791 hic
924 1738 1102 1795 discernebat

89 1834 251 1889 pronomen,
270 1813 507 1883 coniunctionem,
526 1814 683 1871 articulum.
721 1815 809 1870 Stoici
832 1818 1015 1873 secernebant
1036 1837 1101 1889 pro-

90 1915 192 1954 nomen
218 1900 248 1952 et
275 1894 426 1949 articulum
452 1893 543 1963 iisque
570 1911 672 1949 nomen
703 1895 800 1967 ἄρθρα
831 1897 1001 1955 indiderunt.
1040 1899 1100 1965 Quo

89 1980 197 2033 factum
220 1978 263 2030 est
286 1978 319 2029 ut
341 1973 437 2028 decem
465 1973 602 2029 haberent
629 1973 813 2046 σονδέσμοος,
841 1994 959 2046 quorum
985 1981 1101 2035 nomina

90 2060 148 2113 fere
168 2055 262 2111 omnia
280 2071 314 2109 ex
332 2070 367 2109 ea
385 2053 521 2125 doctrina,
541 2071 626 2123 quam
644 2054 767 2124 logicam
786 2057 890 2127 dicunt,
905 2062 1018 2128 sumpta
1035 2063 1101 2115 sunt

90 2156 114 2194 e.
129 2157 155 2208 g.
175 2133 341 2205 προθετιποί
359 2135 509 2205 σύνδεσμοι
526 2134 757 2205 praepositiones,
777 2131 944 2208 ἐπιφοριποί
962 2138 1099 2210 illativae,

89 2219 168 2274 velut
186 2215 256 2271 ἀίίᾶ
275 2214 339 2285 μην,
357 2216 462 2284 τοίνυν,
481 2214 897 2280 ὃιαζοοιιτιιιοίοοοὶοοοίίοσοο
913 2217 1099 2275 disiunctivae

90 2299 138 2370 (ι’ᾒ,
157 2297 407 2367 παρασοναπτιιιοί
421 2290 508 2366 (ἐπεί)
527 2298 580 2350 cet.
608 2295 692 2349 Teste
705 2294 831 2367 Diogene
844 2297 956 2352 Laertio
970 2299 1023 2353 Vll
1037 2306 1052 2366 5
1065 2306 1099 2354 58

89 2381 120 2434 τὸ
139 2380 250 2449 ἄρθρον
269 2377 331 2430 crat
348 2384 484 2446 στοιχεῖον
503 2375 586 2446 λόγον
599 2374 747 2444 πτωτικόν,
766 2375 888 2446 διόριζον
905 2377 941 2431 τὰ
958 2377 1025 2448 γένη
1044 2390 1100 2437 τῶν

89 2457 236 2530 ὀνομάτων
254 2455 304 2511 καί
326 2455 390 2517 τοὺς
415 2456 568 2526 ἄρνθμονίς,
591 2453 665 2511 οἷον·
690 2455 718 2524 ὁ,
737 2455 768 2525 ἡ,
787 2455 832 2524 τό,
852 2454 891 2526 οί,
911 2455 954 2526 oi,
972 2457 1015 2514 σοί.
1053 2460 1100 2515 Sic

91 2539 240 2594 articulum
259 2553 322 2591 eum
341 2535 514 2606 significasse
533 2534 692 2591 credideris.
730 2535 785 2590 Sed
809 2535 859 2590 alii
882 2539 1024 2592 testantur
1045 2541 1099 2596 hoc

90 2634 151 2672 esse
170 2617 281 2688 ἄρθρον
299 2618 466 2686 ἀοριστῶὸες
481 2614 651 2686 (infinitum),
666 2614 831 2685 pronomina
846 2619 941 2671 autem
960 2619 1099 2690 ὡρισμένα

88 2697 191 2769 (finita)
211 2694 348 2766 appellari
372 2695 584 2765 (posterioribus
607 2694 780 2764 temporibus
803 2697 965 2767 ἄντανομίοι
984 2725 1018 2744 =
1037 2717 1099 2770 pro·

90 2779 211 2845 nomen).
233 2776 275 2829 De
289 2791 346 2844 qua
359 2791 389 2829 re
404 2775 530 2830 conferas
544 2775 717 2830 Priscianum
728 2776 755 2829 II
763 2793 790 2844 p.
797 2780 892 2847 54‚13:
908 2776 1052 2846 ,articulis
1062 2823 1067 2836 .
1077 2823 1099 2836 ..

90 2854 256 2928 pronomina
274 2858 505 2909 connumerantes
519 2857 567 2926 (sc.
584 2854 682 2924 Stoici)
696 2855 790 2910 finitos
805 2873 839 2910 ea
853 2856 988 2912 articulos
1003 2860 1098 2928 appel·

90 2937 201 3006 labant,
222 2978 250 2990 ..
267 2932 401 2988 articulos
417 2976 424 2987 .
440 2978 446 2989 .
460 2934 585 2990 infinitos
609 2934 742 2990 articulos
761 2935 895 2990 dicebant
916 2937 976 3006 vel,
999 2941 1032 2992 ut
1049 2938 1100 2993 alii

90 3017 195 3088 dicunt,
215 3013 348 3069 articulos
368 3015 607 3068 connumerabant
623 3014 834 3084 pronominibus
850 3059 967 3072 ......
971 3022 987 3048 “
1023 3018 1100 3073 Inter

90 3096 201 3164 infinita
214 3093 433 3149 numerabantur
447 3093 546 3150 etiam·
559 3094 698 3149 vocabula
711 3093 924 3164 interrogativa,
933 3097 1101 3165 pronomina

90 3176 237 3231 indefinita
256 3175 286 3229 et
304 3171 479 3244 correlative,
497 3174 572 3229 inter
583 3173 678 3229 finita:
696 3191 849 3243 pronomen
860 3176 1015 3244 personale,
1035 3194 1100 3246 pos-

91 3255 234 3326 sessivam,
252 3252 414 3309 reflexivum
433 3255 462 3307 et
472 3217 594 3309 ’fortasse
609 3269 687 3323 pron
702 3254 830 3309 demonst
831 3252 1011 3310 rativurrn-
1025 3257 1099 3326 „Ad

89 3336 187 3390 verbia
200 3337 228 3406 (i.
244 3351 266 3390 e.
283 3331 433 3405 ἐπίρρημα)
448 3333 557 3405 (Stoici)
575 3332 735 3388 nominibus
750 3334 795 3389 vel
809 3333 903 3389 verbis
918 3351 1099 3392 connumera-

89 3415 160 3469 bant
185 3420 214 3471 et
238 3414 320 3484 quasi
345 3413 487 3469 adiectiva
513 3413 662 3470 verborum
685 3429 719 3467 ea
741 3413 943 3468 nominabant“
963 3415 1059 3486 (Prisc.
1073 3419 1101 3473 Π

90 3499 201 3567 54,18).
240 3496 312 3550 Tum
338 3493 458 3564 legimus
486 3493 669 3562 Antipatrum
695 3493 776 3549 Tarsi
802 3496 921 3557 natum,
942 3497 1119 3546 andiacum
