2460 3840
117 162 155 217 IV
547 158 698 214 Praefatio.

119 313 193 389 fieri,
211 315 248 370 ut
265 311 400 387 lepidum
419 311 569 388 quoddam
588 311 755 370 frustulum
767 310 882 370 invitus
897 310 1040 368 omiseris.
1074 309 1131 369 Sed

121 401 259 460 laborum
277 403 307 459 et
325 401 533 459 molestiarum
551 418 693 458 numerus
709 417 892 475 quamquam
911 399 984 457 satis
1003 417 1131 476 magnus

122 494 168 550 est
187 494 217 548 et
236 488 273 548 ab
292 489 383 548 huius
401 489 482 548 modi
497 489 605 548 studiis
620 489 672 565 qui
686 489 799 547 multos
814 487 964 546 deterreat
979 488 1052 546 satis
1066 488 1129 547 ido-

121 597 209 656 neus,
237 579 302 654 ipse
331 580 377 637 est
406 578 492 637 dulce
519 577 594 636 mihi
618 578 757 637 laborum
779 576 910 635 lenimen
933 579 1025 653 atque
1049 576 1131 635 haud

120 686 250 744 parvum
272 667 423 726 solatium.

187 755 374 832 Opusculum
395 756 459 813 fere
478 757 545 814 octo
565 758 635 813 ante
654 755 740 813 annis
759 754 939 830 promissum
957 753 1078 812 tandem
1098 753 1130 811 in

119 846 218 904 lucem
240 844 381 920 prodibit.
427 843 519 902 Haud
541 842 610 920 scio,
635 843 661 902 si
683 845 786 919 plures
811 843 903 901 etiam
926 861 1019 901 annos
1041 860 1130 902 cunc·

120 933 212 993 tando
235 931 485 1009 praetermittam,
509 951 548 990 an
568 932 666 1010 magis
685 931 858 991 elaboratus
878 950 937 991 non
956 931 1064 992 evadat
1082 931 1131 990 hic

69 1056 72 1062 ·
120 1021 249 1096 libellus,
273 1040 312 1079 an
334 1021 506 1080 litterarum
525 1020 696 1097 latinarum,
720 1020 935 1098 grammaticae
953 1020 1131 1096 praesertim

121 1111 264 1186 antiquae
295 1109 438 1169 studiosis
469 1109 636 1168 utilitatem
667 1109 784 1168 nullam
817 1110 948 1170 afferam.
993 1109 1130 1185 Namque

122 1201 177 1257 aut
200 1198 300 1258 omnia
323 1217 370 1257 me
398 1198 510 1257 fallunt
538 1201 593 1257 aut
619 1199 675 1258 hoc
703 1198 787 1258 fonte
815 1198 985 1274 antiquiore
1013 1199 1130 1257 recluso

121 1288 249 1346 fortasse
285 1287 486 1347 reconditiora
521 1287 726 1365 pervestigare
763 1285 874 1346 licebit.
929 1287 1037 1363 Itaque
1074 1288 1130 1346 hoc

121 1377 301 1452 opusculum
339 1378 558 1453 qualecumque
594 1376 626 1435 in
661 1377 773 1454 vulgus
810 1376 946 1434 emittere
979 1375 1131 1453 constitui,

120 1468 156 1523 ut
182 1465 241 1525 viri
268 1469 299 1524 et
327 1465 463 1525 doctrina
490 1472 521 1524 et
548 1465 685 1525 acumine
714 1467 744 1524 et
771 1463 937 1523 insatiabili
964 1464 1130 1540 cupiditate

34 1554 37 1567 '
120 1554 325 1629 investigandi
347 1573 416 1613 cum
438 1573 539 1612 rerum
561 1558 701 1613 naturam
728 1558 798 1612 tum
817 1553 941 1631 linguae
963 1553 1131 1629 penetralia

120 1642 252 1718 praediti
275 1661 350 1718 opus
373 1646 502 1720 tantum,
527 1644 607 1721 quod
628 1662 683 1718 per
705 1642 784 1703 vires
807 1645 925 1703 nostras
948 1642 1051 1716 liceat,
1075 1661 1129 1701 0110

120 1731 219 1807 pretio
243 1731 426 1790 aestimetur.
459 1729 539 1800 Quid
561 1732 625 1807 ipse
648 1732 684 1790 de
708 1750 762 1791 suo
787 1750 875 1807 opere
893 1731 1019 1791 senserit
1037 1734 1131 1791 testa·

120 1823 172 1878 tur
189 1820 221 1878 in
240 1820 277 1879 N.
296 1820 334 1880 H.
352 1820 540 1896 praefatione
559 1817 578 1895 ἓ
596 1823 650 1881 151
674 1814 736 1880 ‘res
755 1821 849 1879 ardua
867 1821 994 1881 vetustis
1012 1820 1130 1881 novita-

120 1911 183 1968 tem
206 1908 289 1986 dare,
312 1909 398 1969 novis
422 1909 644 1984 auctoritatem,
667 1910 810 1969 obsoletis
833 1910 973 1988 nitorem,
998 1909 1130 1968 obscuris

121 1997 228 2073 lucem,
252 1997 396 2056 fastiditis
420 1998 563 2075 gratiam,
587 1997 685 2057 dubiis
708 1998 797 2056 fidem
822 2045 1013 2059 .......
1036 1999 1130 2058 Nobis

120 2086 224 2165 itaque
240 2087 332 2146 etiam
345 2106 405 2145 non
420 2087 570 2146 adsecutis
584 2088 714 2148 voluisse
729 2087 847 2146 abunde
864 2088 1024 2162 pulchrum
1038 2090 1129 2164 atque

121 2175 314 2253 magnificum
338 2179 391 2235 est.
426 2176 575 2252 Equidem
594 2177 638 2235 ita
658 2175 754 2235 sentio
773 2176 954 2252 peculiarem
972 2176 1003 2234 in
1023 2176 1130 2234 studiis

121 2282 243 2323 causam
271 2283 374 2324 eorum
403 2282 467 2324 0000
495 2265 547 2341 qui
579 2265 812 2324 difficultatibus
844 2265 932 2326 victis
962 2264 1130 2324 utilitatem

122 2352 247 2412 iuvandi
279 2353 481 2429 praetulerint
507 2353 624 2431 gratiae
651 2354 789 2430 placendi
821 2353 912 2430 idque
944 2353 1005 2412 iam
1037 2357 1067 2412 01
1098 2353 1130 2410 in

121 2441 189 2500 aliis
213 2441 352 2518 operibus
375 2443 439 2518 ipse
463 2437 546 2503 feci'.

189 2565 395 2645 Groningae
414 2588 452 2625 m.
473 2568 551 2645 Aug.
572 2569 665 2628 1894.
