2460 3826
397 143 648 201 Commentariolus
667 146 835 215 isagogicas.
1041 147 1119 202 XVII

105 285 265 341 Remmium
283 289 373 340 artem
396 286 612 355 grammaticam
635 287 781 357 scripsisse
803 288 834 341 in
856 306 938 343 usum
960 306 1117 359 puerorum,

106 369 139 421 ut
162 365 186 419 si
210 365 373 435 ambiguum
397 370 471 420 esset
495 365 694 435 quaerentibus
718 371 782 421 uter
804 368 924 422 alterum
948 368 1117 440 adhibuerit,

105 447 163 500 iam
190 446 388 501 Palaemonem
420 446 518 516 digitis
550 448 776 501 monstraremus.
817 446 870 501 Per
900 448 985 502 Plinii
1015 450 1117 520 studia,

107 527 208 594 quibus
233 543 305 595 quae
328 525 358 579 in
381 525 481 595 lingua
504 525 595 579 latina
618 529 699 580 erant
722 526 809 580 dubia
826 527 873 581 vel
892 528 985 582 dubiis
1004 530 1117 601 similia,

106 606 190 662 certis
218 606 324 676 regulis
352 606 517 659 confirmata
544 608 622 674 sunt,
655 623 718 660 cum
747 607 803 661 alia
835 624 924 676 aeque
951 609 1118 666 fluctuantia

106 690 155 742 aut
177 687 296 742 rationis
308 687 395 755 ⁴lege,
419 686 471 739 aut
491 687 618 740 veterum
641 687 823 755 auctoritate,
850 691 900 742 aut
918 705 971 742 usu
988 689 1117 760 tyranno,

105 770 155 822 aut
186 767 296 822 aurium
330 764 451 835 iudicio,
487 782 567 819 suam
598 766 732 836 formam,
770 785 850 822 suam
882 767 1117 837 significationem

105 847 210 916 adepta
238 847 306 914 sint,
335 846 443 899 factum
469 846 524 914 est,
552 847 584 899 ut
607 845 681 900 tanti
703 847 757 902 rivi
781 848 968 919 aperirentur,
997 865 1031 902 ex
1056 851 1118 917 qui-

104 927 157 981 bus
184 945 235 981 sua
261 926 380 995 quisque
403 929 499 994 posset
520 926 642 981 haurire.
678 928 748 982 Erat
770 932 831 983 tum
853 929 975 998 primum
998 929 1118 984 materia

103 1010 205 1076 parata
233 1023 280 1075 ea,
304 1005 377 1058 unde
406 1006 517 1059 ‘artem'
543 1008 676 1062 conderet
698 1009 863 1077 Palaemon,
892 1009 941 1076 qui
969 1012 1065 1064 tamen
1088 1014 1118 1065 et

105 1103 208 1156 graeca
227 1083 398 1154 exemplaria
416 1086 550 1141 versabat
573 1086 597 1140 si
621 1086 735 1155 quidem
753 1086 973 1142 Palaemoniana
991 1089 1117 1144 eontinet

105 1165 275 1230 Quintiliani
293 1165 385 1220 libriI
404 1182 427 1219 c.
442 1171 468 1236 4,
486 1165 537 1220 ubi
554 1172 569 1232 ξ
589 1172 636 1222 20:
656 1166 724 1236 „alii
742 1169 839 1221 tamen
857 1184 890 1221 ex
909 1166 1018 1223 idoneis
1038 1169 1116 1223 dum·

102 1247 185 1299 taxat
204 1245 365 1301 auctoribus
391 1248 454 1300 octo
473 1248 568 1315 partes
588 1247 678 1301 secuti
697 1251 774 1316 sunt,
793 1249 825 1300 ut
843 1246 1040 1303 Aristarchus‘¹
1064 1251 1115 1322 (sic

103 1325 191 1379 etiam
209 1325 358 1394 Dionysius
377 1325 480 1396 Thrax)
509 1329 556 1395 „et
579 1328 673 1380 aetate
696 1329 794 1380 nostra
816 1326 985 1381 Palaemon“
1009 1330 1114 1401 (Uhlig,

104 1407 139 1459 de
157 1405 272 1475 Dionys.
290 1406 406 1475 Thrace,
424 1406 497 1475 App.
516 1424 542 1474 p.
557 1406 623 1461 XlV
641 1410 670 1460 et
687 1406 778 1461 Praef.
797 1426 824 1476 p.
839 1405 895 1475 VI).
925 1405 1012 1459 Plinii
1028 1409 1116 1464 libros

102 1485 268 1542 Palaemoni
295 1491 408 1556 praesto
433 1487 521 1541 fuisse
555 1487 750 1540 demonstrant
772 1485 829 1540 loci
856 1485 976 1541 (tharisii
999 1492 1028 1542 et
1050 1489 1116 1544 Dio-

104 1566 195 1620 medis
215 1567 375 1622 consimiles
391 1568 451 1638 (Ch.
466 1573 526 1636 225,
540 1567 631 1621 Diom.
646 1569 718 1636 415),
737 1566 786 1620 ubi
799 1566 953 1622 Palaemon
971 1573 1117 1624 enumerat

102 1646 323 1717 coniunctiones,
341 1645 427 1700 Plinii
446 1645 615 1700 sententiam
633 1647 762 1704 laudans.
800 1648 972 1714 Quaeramus
995 1649 1116 1719 primum

103 1727 138 1781 de
157 1726 335 1781 Palaemonis
355 1727 431 1782 vitae
457 1728 583 1795 tempore
602 1727 647 1782 vel
668 1727 777 1783 ultimis
800 1728 911 1784 finibus.
948 1729 1079 1784 Ordimur
1098 1747 1116 1785 a

102 1804 264 1861 testimonio
278 1806 452 1876 Hieronymi,
472 1805 521 1874 qui
539 1805 633 1863 chron.
649 1807 685 1861 ad
705 1824 729 1863 a.
744 1808 810 1864 Abr.
825 1813 896 1862 2064
906 1836 939 1854 =
949 1813 984 1862 48
999 1825 1024 1864 a.
1035 1808 1064 1864 C.
1074 1827 1116 1866 ns

106 1885 271 1941 ‘Palaemon
284 1886 430 1941 Vicetinus
444 1885 564 1957 insignis
578 1887 780 1956 grammaticus
794 1888 901 1942 Rornae
914 1888 1046 1942 habetur’
1057 1933 1115 1946 .....

102 1964 250 2020 scribendo
269 1984 320 2021 nos
340 1967 477 2021 admonet
496 1968 530 2021 de
550 1983 582 2022 eo
601 1967 771 2036 testimonio,
791 1968 866 2036 quod
882 1967 1031 2022 Suetonius
1046 1969 1117 2023 dicit

104 2045 151 2099 ‘de
179 2046 399 2115 grammaticis’:
418 2091 424 2102 .
446 2090 452 2102 .
472 2091 478 2101 ‚
502 2048 690 2102 manumissus
718 2048 815 2103 docuit
841 2049 947 2102 Romae
979 2065 1013 2103 ac
1040 2049 1117 2118 prin-

101 2125 193 2195 cipem
219 2127 312 2181 locum
338 2127 414 2181 inter
440 2127 639 2199 grammaticos
666 2129 770 2196 tenuit,
799 2145 969 2196 quamquam
1001 2128 1115 2182 infamis

101 2206 230 2261 omnibus
250 2206 336 2276 vitiis,
355 2209 508 2276 palamque
531 2211 561 2262 et
578 2207 690 2262 Tiberio
710 2212 840 2277 (14-37)
864 2210 893 2260 et
914 2223 979 2260 mox
998 2207 1115 2263 Claudio

100 2290 228 2358 (41-54)
246 2287 477 2357 praedicantibus
495 2288 602 2343 nemini
619 2287 712 2341 minus
735 2285 943 2341 institutionem
965 2304 1116 2356 puerorum

99 2368 147 2422 vel
163 2367 297 2421 iuvenum
316 2367 554 2423 committendam.
580 2369 706 2437 Apparet
723 2365 850 2420 Persium
869 2366 914 2436 (cf.
929 2365 1019 2420 vitam
1033 2367 1114 2439 eius),

101 2447 150 2516 qui
168 2446 240 2502 vixit
258 2466 283 2503 a.
302 2452 408 2501 35-95
428 2447 598 2517 discipulum
615 2447 699 2501 huius
718 2446 774 2500 viri
792 2463 853 2501 esse
871 2445 1009 2516 potuisse3
1034 2451 1065 2501 at
1091 2449 1115 2502 si

99 2527 158 2581 iarn
176 2527 355 2582 Palaemonis
373 2544 464 2582 mores
484 2544 501 2581 a
519 2527 631 2582 Tiberio
654 2526 747 2580 notati
770 2530 847 2595 sunt,
867 2525 918 2595 qui
936 2543 960 2581 a.
981 2532 1014 2579 37
1034 2527 1113 2598 obiit,

99 2611 236 2676 regnante
262 2624 295 2662 eo
319 2607 376 2661 iam
395 2608 433 2661 ad
455 2624 542 2662 annos
566 2610 690 2661 maturos
715 2606 876 2675 pervenisse
898 2606 1115 2676 grammaticum

99 2687 204 2755 elucet,
225 2691 258 2742 ut
276 2705 349 2742 anno
368 2694 402 2741 37
421 2705 476 2742 non
495 2687 631 2742 minorem
651 2704 738 2741 annos
756 2687 808 2740 XX
826 2689 925 2741 natum
944 2703 1008 2741 eum
1026 2686 1113 2742 fuisse

100 2765 160 2820 veri
184 2766 276 2820 simile
300 2766 344 2822 sit.
382 2766 482 2836 Itaque
500 2768 699 2822 Palaemonem
722 2769 773 2820 aut
795 2765 903 2821 ultimis
922 2767 1044 2837 Augusti
1062 2767 1113 2821 im-

97 2846 238 2915 peratoris
267 2845 348 2899 annis
377 2849 427 2900 aut
454 2845 552 2915 primis
580 2845 686 2900 Tiberii
712 2847 804 2902 lucem
831 2846 936 2901 vidisse
965 2847 1113 2902 credimus.

99 2926 145 2981 Sic
164 2925 275 2981 Persius
295 2943 320 2981 a.
340 2932 373 2980 35
392 2929 476 2980 natus
495 2943 565 2995 puer
587 2927 754 2996 magistrum
778 2926 888 2981 audivit
905 2927 1112 2996 Palaemonem,

98 3006 148 3074 qui
166 3009 234 3061 tunc
248 3023 298 3060 sex
312 3006 357 3060 vel
377 3008 485 3075 septem
503 3006 594 3060 lustra
608 3006 781 3062 condiderat.
809 3006 916 3062 Eodem
930 3023 986 3073 quo
1000 3005 1112 3060 Persius

97 3089 224 3154 tempore
239 3085 440 3152 Quintilianus,
454 3103 479 3139 a.
490 3090 524 3138 35
537 3091 630 3157 natus,
644 3086 675 3139 in
694 3085 835 3140 subselliis
850 3086 926 3155 apud
944 3085 1111 3156 magistrum

99 3166 224 3222 sedebat.
261 3167 360 3221 Libros
384 3164 464 3219 dubii
488 3166 622 3221 sermonis
640 3166 748 3221 Plinius
772 3167 863 3221 edidit
888 3183 913 3220 a.
933 3171 975 3220 67.
1012 3167 1112 3232 Itaque

99 3247 229 3315 tempora
247 3264 304 3301 non
322 3247 445 3313 obstant,
465 3246 614 3312 quominus
632 3248 777 3302 credamus
792 3247 990 3301 Palaemonem
1008 3244 1112 3314 legisse

99 3325 186 3379 libros
206 3327 284 3381 dubii
304 3325 447 3382 sermonis.
476 3325 582 3380 Extant
600 3327 681 3396 plura
701 3328 736 3380 de
754 3327 921 3382 Palaemone
940 3324 1111 3395 testimonia,

99 3421 172 3474 quae
190 3422 246 3459 non
263 3406 383 3461 multum
403 3405 548 3460 adiuvant.

527 3527 685 3534 -—--—

152 3601 219 3643 Pnnr.
234 3604 285 3646 dub.
297 3615 362 3647 serm.
947 3588 977 3636 Ὦ
