2460 3840
127 147 170 210 52
237 146 280 200 De
298 143 501 214 orthographia
520 142 579 198 sive
597 143 632 197 dc
651 141 744 196 dubiis
763 141 907 196 nominum
925 142 1030 198 formis.

125 296 311 356 nominativo
335 294 502 371 genetivus.
539 313 629 371 quam
651 293 799 352 rationem
821 294 857 351 ut
881 294 1067 353 custodirent
1090 313 1142 356 ve·

124 389 218 462 teres,
240 386 338 444 multa
362 384 435 443 dure
458 384 664 459 protulerunt,
691 385 728 441 ut
750 381 870 457 ancipes
894 401 949 458 pro
973 401 1083 460 anceps
1109 388 1142 444 et

124 474 281 553 praecipes
304 492 360 550 pro
379 491 532 549 praeceps.
563 490 618 530 neo
640 474 742 530 tamen
765 466 968 547 quis<quam>
990 471 1064 531 haec
1088 491 1142 532 su-

126 562 287 639 pellectilis
311 562 410 622 dicere
434 579 527 620 ausus
550 563 608 635 est,
632 563 663 619 et
685 559 753 618 ideo
776 559 888 618 rectius
911 562 958 619 est
980 579 1049 619 cum
1070 562 1141 637 plu·

99 652 208 711 sribus
237 655 317 711 stare
346 654 377 710 et
400 651 481 728 quod
508 648 672 726 speciosius
700 651 746 707 est
768 649 800 706 in
822 648 973 725 loquendo
995 650 1142 726 proferre.

194 739 245 800 oh.
268 742 340 817 118,
361 741 400 798 21
426 739 590 798 Amazon.
614 731 765 814 ‘quamvis
788 737 907 795 nullum
930 757 1039 797 nomen
1056 739 1143 798 Lati-

126 849 200 888 num
223 847 260 888 ou
282 828 394 888 litteris
417 827 542 886 finiatur
564 829 596 885 et
617 826 685 885 ideo
708 825 849 884 Rhodum
871 829 902 885 et
920 826 1029 885 Delum
1053 846 1143 887 accu-

127 919 225 979 sativo
249 918 398 994 dicamus,
420 920 523 976 tamen
546 914 694 992 quaedam
716 908 798 972 suni'
822 914 923 992 inquit
945 914 1064 976 Plinius
1088 917 1143 976 Se-

128 1007 244 1066 cundus
272 1000 362 1083 ‘quae
391 1005 429 1063 ed
452 1023 506 1064 nos
532 1022 630 1081 usqne
652 1003 790 1080 proprios
818 1004 917 1080 gentis
941 1022 1012 1064 suae
1035 1006 1143 1066 vultus

89 1112 115 1153 ro
128 1096 317 1172 formamque
341 1094 522 1166 custodiant,
544 1099 580 1152 nt
597 1093 718 1170 Pluton,
740 1087 929 1168 Xenophon'.

194 1182 245 1243 Oh.
263 1187 334 1258 118,
350 1185 391 1243 25
413 1182 614 1242 Autumnal
629 1181 734 1259 Verre,
753 1184 966 1253 aequinoctium
980 1185 1143 1261 autumat,

109 1256 208 1350 xquod
226 1273 306 1333 idem
325 1273 442 1331 Plinius
461 1271 566 1332 eodem
584 1270 661 1330 libro
676 1269 721 1328 Vl
738 1272 835 1330 notet.
861 1270 1025 1331 videndum
1039 1273 1143 1332 tamen

128 1364 174 1421 esi
196 1380 235 1421 an
258 1362 489 1438 reprehensione
512 1361 552 1419 sit
574 1360 699 1436 dignum
722 1359 807 1434 prius
826 1359 882 1418 ille
900 1360 987 1420 nobis
1006 1363 1144 1437 spectata

127 1451 253 1511 ratione.
299 1451 420 1511 nomina
444 1449 593 1528 quaedam
615 1450 686 1508 sunt
707 1448 899 1526 principalia,
924 1468 1001 1526 quae
1024 1448 1143 1510 Plinius

88 1556 114 1596 15
128 1539 282 1599 Secundus
307 1540 412 1599 eodem
434 1539 512 1598 libro
539 1537 683 1598 facientia
705 1537 856 1614 appellat,
884 1556 920 1597 ox
943 1538 1052 1613 quibus
1073 1557 1143 1615 pos-

128 1629 242 1690 sessiva
256 1632 430 1704 nascuntur,
444 1647 523 1705 quae
539 1627 675 1704 patiendi
687 1629 787 1703 vocat,
804 1629 841 1685 ui
855 1627 974 1704 equale.
997 1645 1067 1686 narn
1081 1628 1144 1686 Ln-

128 1718 216 1777 oilius
235 1716 311 1775 libro
330 1717 346 1775 I
364 1719 539 1776 saturarum
557 1719 831 1792 arutaenaeque
854 1714 955 1793 inquit
978 1717 1143 1794 aquales5

127 1824 187 1864 non
205 1807 241 1863 ut
260 1806 427 1864 autumnat.
456 1805 547 1863 huius
562 1806 667 1863 autem
684 1804 852 1881 principale
867 1823 975 1863 nomen
994 1808 1041 1864 est
1055 1824 1143 1882 aqua.

131 1895 212 1970 quod
225 1913 296 1953 vero
310 1894 429 1970 patitur
448 1912 482 1952 ac
500 1895 585 1953 tenet
601 1911 711 1970 aquam
725 1894 844 1970 equale,
863 1896 899 1952 ut
913 1894 1022 1972 equile,
1041 1894 1144 1972 sedile,

90 1999 117 2039 ao
131 1983 251 2061 monile,
275 1983 319 2041 ait
341 1983 422 2041 idem
443 1982 561 2041 Plinius
588 1979 735 2059 [aquale].

196 2070 248 2130 Oh.
270 2074 347 2149 118,
368 2073 408 2133 33
438 2071 637 2147 Aqualium
667 2089 706 2129 an
733 2071 834 2146 potius
866 2071 1058 2147 aquarium
1085 2072 1145 2132 dici

130 2161 237 2220 debeat
255 2161 375 2238 quaerii
394 2160 511 2219 Plinius
527 2158 683 2219 Secundus
703 2162 734 2218 et
752 2161 851 2235 putat,
868 2163 905 2218 ut
923 2160 1049 2218 laterale
1067 2161 1144 2220 late-

129 2250 253 2326 rarium,
277 2251 393 2308 scutale
414 2249 590 2324 scutarium,
610 2251 641 2307 ot
659 2249 801 2307 manuale
821 2267 934 2325 saxum,
953 2250 1146 2309 manuarium

129 2357 192 2415 vas,
215 2339 303 2415 proin
326 2339 454 2416 aqualis,
478 2338 639 2415 aquarium
661 2336 729 2396 dici.

90 2442 117 2482 ss
197 2426 386 2505 oh.119‚3
419 2427 587 2486 Animal
619 2426 749 2484 animale
780 2427 885 2502 faciet,
917 2429 953 2485 ut
986 2428 1145 2486 autumnal

131 2517 315 2594 autumnale,
339 2517 452 2594 capital
474 2516 619 2592 capitale,
641 2515 776 2574 tribunal
800 2515 966 2575 tribunale:
990 2534 1067 2592 quae
1090 2534 1145 2592 pa·

129 2605 224 2663 tiendi
242 2624 302 2664 non
321 2610 400 2682 sunt,
418 2608 455 2664 ut
478 2624 569 2681 supra
592 2604 729 2663 diximus.
768 2603 884 2663 Plinius
905 2604 1059 2664 Secundus
1079 2605 1145 2663 ani-

130 2692 200 2769 mal,
214 2712 274 2752 non
293 2694 421 2753 animale
436 2694 481 2753 eit
498 2693 558 2752 dici
572 2693 687 2752 debere.
712 2691 744 2751 S.
761 2691 881 2771 Caesar,
896 2694 983 2770 quasi
1000 2693 1144 2753 indiscre-

130 2783 198 2839 tum
215 2781 271 2858 hoo
290 2782 338 2859 sit,
354 2783 398 2842 ait
413 2785 423 2842 i
440 2783 545 2842 littera
563 2781 750 2842 nominativo
766 2776 914 2860 singulari
931 2786 1040 2841 neutra
1057 2782 1146 2843 finita

91 2869 251 2929 eonomine
274 2871 399 2929 eandem
421 2871 589 2931 finitionem
612 2888 718 2946 capere
744 2890 834 2948 quam
858 2871 983 2947 capiunt
1005 2890 1019 2930 e
1040 2871 1147 2931 littera

131 2958 301 3035 terminata,
320 2959 390 3018 huic
414 2960 538 3019 animali
556 2962 587 3018 et
605 2958 643 3017 ab
661 2959 718 3019 hoo
738 2960 871 3038 animali,
889 2960 959 3019 huic
977 2961 1095 3036 puteali
1114 2964 1146 3021 et

132 3047 169 3107 ab
193 3048 249 3106 hoc
268 3049 392 3123 puteali.

133 3287 174 3342 Ch
203 3221 237 3270 25
256 3216 396 3358 aiddial]
421 3223 455 3271 30
473 3218 625 3286 tuitionem
646 3216 710 3288 lego
735 3216 781 3287 (cf.
802 3218 856 3270 Zur
879 3217 1071 3283 Quellenanal.
1096 3219 1146 3274 des

176 3303 215 3342 ar.
235 3306 262 3356 p.
343 3331 348 3342 .

170 3506 182 3555 t
204 3435 236 3483 11
258 3430 447 3555 alutamnal]
467 3429 565 3500 Varro,
585 3431 619 3484 dc
633 3449 655 3486 r.
669 3449 690 3485 r.
707 3431 744 3484 III
755 3436 806 3500 5st
822 3431 930 3486 circiter
943 3434 1146 3501 aequinoctium

132 3516 170 3553 eu
181 3517 267 3555 umuc
279 3519 299 3557 e.
