2460 3826
513 851 751 926 Praefatio.

194 1121 379 1197 Scriptorum
396 1123 535 1182 veterum
554 1139 631 1199 quae
650 1123 812 1197 supersunt
829 1120 974 1198 reliquias
994 1121 1135 1200 colligere

127 1213 219 1286 atque
247 1209 394 1288 digerere,
423 1210 555 1288 digestas
584 1228 723 1268 enarrare
751 1213 782 1268 et
803 1210 959 1269 illustrare
981 1210 1137 1288 ingratum

126 1299 304 1375 plerumque
325 1317 401 1376 opus
425 1299 582 1358 est'taedii
601 1300 693 1376 atque
710 1298 867 1358 molestiae
885 1299 1022 1375 plenum:
1046 1319 1137 1376 quae·

127 1387 254 1446 rendum
289 1389 421 1464 primum
459 1392 505 1447 est
537 1387 605 1464 quis
636 1406 732 1445 unum
762 1388 811 1447 vel
842 1389 931 1464 plura
958 1388 1138 1466 fragmenta,

130 1496 345 1554 nonnunquam
371 1478 491 1536 minuta
517 1476 649 1536 frustula
676 1476 770 1553 dicas,
797 1477 967 1554 relinquere
994 1477 1138 1555 potuerit,

126 1565 232 1625 deinde
265 1565 413 1644 quomodo
443 1566 497 1624 ille
524 1566 713 1642 scriptorem,
745 1565 831 1624 ouius
858 1565 1020 1643 imaginem
1047 1567 1137 1641 plane

127 1655 285 1716 evanidam
307 1654 427 1714 reficere
451 1655 514 1713 fere
537 1655 622 1713 nobis
645 1654 678 1712 in
700 1654 800 1714 animo
820 1656 873 1730 est,
891 1655 924 1712 in
943 1673 1029 1714 suum
1048 1673 1137 1714 usum

128 1743 318 1821 converterit,
341 1746 409 1803 tum
430 1746 535 1802 utrum
557 1743 672 1802 intacta
692 1761 789 1820 neque
809 1743 871 1802 suis
889 1743 1026 1801 immixta
1045 1743 1137 1820 scrip-

126 1832 200 1890 toris
228 1831 321 1891 verba
350 1831 511 1891 tradiderit
537 1851 575 1890 an
604 1850 658 1908 per
681 1832 756 1892 alios
780 1851 816 1891 ea
844 1832 993 1908 acceperit
1020 1850 1055 1891 ac
1082 1851 1138 1892 sua

127 1938 196 1978 cum
215 1920 322 1978 alienis
342 1920 540 1997 coniunxerit3
562 1923 630 1980 tum
649 1922 733 1980 aetas
751 1940 911 1997 rerumque
928 1922 1027 1980 status
1040 1921 1135 1982 ritae-

128 2028 186 2086 que
210 2008 344 2068 condicio
368 2010 399 2067 et
421 2009 575 2086 scriptoris
598 2013 629 2068 εὴ
652 2010 833 2086 excerptoris
856 2009 1071 2068 consideranda
1096 2042 1133 2050 —

126 2117 197 2156 nam
224 2116 406 2175 magnopere
433 2099 559 2158 interest
586 2117 645 2175 quo
673 2099 808 2174 tempore
833 2102 864 2158 et
886 2099 935 2157 cui
958 2098 1071 2157 scribas
1094 2130 1136 2138 -

125 2189 310 2262 postremum
328 2187 545 2262 dispiciendum
563 2188 631 2264 quis
648 2188 697 2247 cui
711 2188 866 2247 credamus
881 2205 985 2246 eorum
998 2186 1136 2264 dignissi-

126 2295 193 2335 mus
217 2292 280 2335 esse
304 2276 453 2336 videatur.

193 2365 248 2437 En,
272 2365 364 2424 habes
382 2365 443 2423 iam
462 2367 600 2424 auctores
620 2383 721 2424 omnes
740 2365 882 2439 detectos,
902 2364 1070 2441 cognovisti
1087 2365 1137 2424 rel

124 2453 246 2528 penitus
273 2456 480 2529 perscrutatus
508 2472 539 2512 os
567 2471 617 2513 eos
645 2454 756 2527 fontes,
785 2472 820 2512 ex
846 2452 954 2530 quibus
977 2453 1039 2511 iam
1062 2453 1136 2512 hau-

126 2558 215 2599 surus
239 2558 278 2618 eS,
301 2561 375 2600 num
394 2543 433 2601 ad
450 2562 514 2601 rem
533 2542 746 2602 conficiendam
764 2545 904 2619 paratum
923 2544 954 2600 te
974 2560 1038 2601 esse
1057 2540 1136 2600 arbi-

126 2626 238 2688 traris?
278 2628 369 2709 Quid,
398 2631 423 2690 si
450 2631 530 2689 idem
557 2633 630 2690 tuus
658 2632 776 2708 auctor,
803 2631 852 2691 vel
874 2632 976 2705 plures
1000 2631 1136 2708 fortasse,

125 2719 190 2795 ipse
226 2737 242 2776 e
274 2718 407 2778 fontibus
445 2719 660 2779 recentioribus
697 2720 852 2798 isdemque
889 2719 1014 2780 diversis
1051 2738 1137 2779 suam

125 2810 285 2867 mutuatus
313 2809 359 2866 est
387 2806 564 2885 doctrinam,
599 2809 624 2868 si
656 2808 790 2867 membra
821 2808 976 2884 scriptoris
1010 2808 1136 2867 disiecta

125 2899 191 2955 tum
218 2895 308 2955 facile
336 2895 456 2955 nomine
484 2896 585 2956 addito
609 2897 672 2958 sive
696 2900 768 2956 nota
791 2897 922 2974 quadam
945 2896 1136 2956 auctoritatis

126 2985 295 3064 fragmento
323 2985 426 3043 inusta
455 2984 517 3045 sive
551 2986 610 3045 alio
642 2986 812 3064 fragmento
845 2985 993 3044 consimili
1025 2986 1135 3044 collato

127 3076 362 3152 cognoscuntur,
399 3076 466 3132 tum
502 3092 561 3132 non
593 3074 656 3134 sine
679 3079 798 3153 'magno
830 3074 932 3134 labore
970 3071 1137 3133 eruuntur?

127 3162 251 3222 Manent
279 3182 349 3224 vero
377 3162 502 3239 plurimi
530 3163 589 3221 loci
611 3163 717 3222 incerti
740 3166 771 3223 et
794 3163 890 3238 dubii3
918 3163 992 3239 quin
1014 3165 1051 3221 ut
1073 3181 1137 3220 car-

126 3250 236 3310 bonem
258 3271 312 3328 pro
336 3253 479 3311 thesauro
507 3251 656 3311 inveneris
680 3253 798 3312 evenire
826 3253 927 3327 potest
951 3254 981 3309 et
1004 3269 1082 3328 quae
1104 3251 1137 3309 in

126 3358 250 3399 numero
273 3342 513 3420 fragmentorum
535 3339 645 3400 habere
674 3359 734 3399 non
757 3340 930 3415 dubitabas,
957 3344 1065 3416 postca
1090 3339 1135 3397 in-

125 3428 204 3488 iuria
232 3447 251 3487 a
281 3433 312 3490 te
339 3432 461 3506 recepta
488 3447 552 3488 esse
580 3429 773 3490 urebantur
813 3429 930 3500 iterius
952 3446 1027 3481 sss
1045 3425 1164 3490 effi*

977 3516 1016 3562 Q*
