2460 3840
112 130 155 196 58
355 127 397 184 De
415 128 509 183 dubiis
527 126 677 198 generibus
696 131 726 184 et
743 129 875 186 numeria.
980 151 983 159 ¹

160 319 243 393 XVI.
275 318 322 388 Ile
346 315 458 388 dubiis
480 317 664 404 generibus
688 318 723 387 ct
744 316 894 388 numeris
919 313 1009 410 (sire
1032 315 1074 388 de

375 422 568 494 differentia
594 419 860 516 vocabulorum).

179 708 232 770 Oh.
248 711 299 786 94,
316 711 355 769 16
368 701 410 788 (l)
426 708 611 784 adipatus,
631 727 679 784 -a,
699 705 786 783 -um]
805 751 813 765 .
829 756 835 768 .
851 755 858 767 .
873 726 948 785 opus
961 707 1125 784 pistorium

86 798 193 875 equod
225 797 313 875 adipe
345 796 503 857 conficitur
525 797 606 856 omni
638 815 746 875 genere
778 796 838 855 dici
863 799 978 876 potest,
1011 799 1043 856 et
1075 797 1126 856 hic

112 885 266 962 adipatus,
290 905 349 963 quo
373 886 563 962 intellegitur
588 886 675 961 panis
701 889 755 945 aut
776 885 861 945 aliud
884 885 970 963 quid,
994 887 1125 946 ethaeo

113 974 244 1051 adipata,
260 977 316 1034 hoc
335 977 383 1034 est
399 992 479 1051 pars,
493 976 525 1033 et
542 975 598 1033 hoc
617 974 781 1051 adipatum,
800 992 876 1051 opus
895 973 1019 1034 scilicet.
1053 993 1126 1034 nam

113 1066 144 1122 et
171 1063 307 1122 Lucilius
330 1063 358 1119 V
386 1065 537 1138 capuam
564 1062 637 1122 dicit
663 1063 807 1122 feminino
840 1081 963 1140 genere,
996 1063 1049 1122 sed
1080 1063 1125 1123 ibi

113 1151 214 1228 iungit
236 1153 361 1227 pultem.

73 1256 100 1296 ro
181 1240 231 1301 ch.
253 1243 307 1319 80,
327 1245 369 1301 20
396 1241 528 1301 Alvum
552 1240 705 1317 Vergilius
733 1240 878 1300 feminino
901 1258 1010 1318 genere
1034 1259 1125 1318 saepe

112 1330 196 1408 dixit,
215 1330 268 1390 sed
281 1330 446 1390 masculine
461 1329 572 1390 Calvus
585 1334 694 1403 parcos
709 1331 833 1404 provide
844 1332 985 1404 portabat
1002 1332 1034 1389 irc
1049 1332 1124 1408 otoo,

112 1422 143 1479 et
160 1420 287 1480 Helvius
306 1418 402 1478 Cinna
424 1424 455 1478 at
472 1420 564 1478 scelos
581 1422 719 1479 incestam
742 1420 822 1493 turpi
840 1421 981 1479 crescebat
997 1421 1030 1478 io
1048 1420 1125 1488 civo,

112 1511 143 1567 et
165 1507 311 1567 Laberius
336 1510 366 1567 et
388 1508 498 1567 Accius
520 1508 707 1585 frequenter,
731 1507 813 1585 quod
835 1507 932 1585 magis
949 1525 1024 1567 usus
1048 1508 1125 1567 cele·

111 1597 219 1657 brevit.

73 1701 99 1742 15
177 1685 269 1744 Prisc.
282 1684 314 1743 ΙΙ
333 1686 405 1763 262,
422 1688 461 1744 17
482 1684 540 1743 hic
559 1685 777 1762 angiportus
797 1688 828 1744 et
845 1685 901 1744 hoc
920 1685 1124 1764 angiportum,

112 1774 203 1832 huius
226 1772 386 1850 angiporti.
419 1773 461 1833 sic
479 1773 597 1833 Plinius
617 1773 772 1833 Secundus
795 1774 827 1832 in
845 1774 861 1833 I
879 1775 954 1834 artis
973 1792 1124 1852 gramma-

112 1863 199 1923 ticae.
237 1862 395 1922 Terentius
415 1881 534 1939 quoque
553 1862 585 1921 in
603 1862 739 1940 adelphis
757 1863 789 1922 id
806 1864 920 1937 quiden
938 1866 1125 1937 awiprortum

112 1969 170 2011 ooo
193 1956 234 2011 cst
249 1953 395 2025 perviam,
418 1950 499 2010 idem
521 1951 552 2008 in
570 1951 750 2011 Phormione
768 1953 819 2012 scd
836 1953 902 2012 hinc
920 1953 1073 2012 esocem
1090 1953 1124 2012 irc

112 2043 296 2116 emporium
317 2041 393 2099 tunc
408 2042 577 2114 proximem
601 2030 651 2120 (cf.
670 2040 745 2100 Non.
767 2032 855 2122 190).

73 2147 99 2187 so
179 2129 231 2189 Oh.
247 2132 297 2204 90,
314 2131 354 2189 13
369 2128 510 2208 Anguis
525 2148 593 2188 cum
608 2129 648 2188 sit
661 2129 821 2188 masculini
834 2129 963 2208 generiS,
982 2129 1124 2189 dixerunt

183 2358 216 2407 10
236 2351 359 2423 alvum]
384 2352 418 2407 cf.
438 2350 524 2408 Prisc.
543 2369 570 2420 p.
586 2356 647 2420 268,
663 2355 806 2420 16-269,
821 2355 851 2419 4;
876 2349 1014 2421 (Helvius)
1034 2349 1124 2406 Cinna

111 2422 141 2476 in
165 2422 282 2491 Smyrna
304 2422 449 2489 laudatur,
477 2422 671 2477 testimonium
693 2421 786 2503 ipsum
808 2420 886 2476 varie
908 2421 1046 2476 traditum
1070 2424 1123 2479 est.

111 2493 270 2549 Verisimile
290 2497 334 2548 est
351 2493 382 2547 in
399 2492 472 2547 libro
491 2493 570 2548 dubii
590 2510 724 2548 sermonis
742 2493 825 2562 plura
842 2492 1007 2547 testimonia
1024 2492 1122 2563 fuisse,

113 2564 252 2633 siquidem
280 2567 398 2632 uterque
425 2564 503 2619 locus
531 2565 568 2618 ad
595 2565 715 2619 eundem
737 2563 845 2618 fontem
869 2563 1045 2620 reducendus
1069 2567 1122 2620 est.

112 2634 316 2690 Testimonium
339 2634 430 2704 Accii,
454 2636 530 2704 quod
553 2636 628 2704 apud
648 2634 806 2690 charisium
828 2638 961 2705 nonest,
984 2635 1123 2690 habemus

113 2705 173 2761 sine
192 2706 277 2760 dubio
296 2705 326 2759 in
338 2705 467 2760 Pliniano
486 2709 617 2775 excerpto
637 2711 755 2775 268,17.
784 2706 839 2760 Sed
853 2709 919 2761 ante
934 2706 1029 2760 omnia
1042 2706 1124 2761 testi-

112 2776 237 2831 monium
260 2776 332 2830 illud
350 2776 464 2831 Catonis
484 2777 580 2848 (Prisc.
596 2782 655 2847 268,
672 2780 715 2847 18)
740 2794 774 2832 ex
795 2777 954 2848 praeceptis
978 2777 1016 2831 ad
1033 2776 1124 2832 filium

113 2850 253 2918 sumptum
267 2847 359 2902 Plinio
378 2847 558 2902 tribuendum
577 2851 629 2917 est,
649 2849 698 2916 qui
716 2865 750 2903 ea
767 2852 887 2904 noverat
901 2848 946 2920 (N.
961 2849 995 2904 Η.
1011 2856 1035 2918 7,
1051 2851 1123 2919 171).

112 2920 147 2977 cf.
163 2920 227 2976 adn.
241 2919 349 2974 Hertcii
367 2919 405 2973 ad
418 2918 504 2974 Prisc.
519 2924 580 2988 268,
596 2924 637 2989 18,
657 2935 730 2987 quae
748 2937 805 2974 non
822 2921 902 2989 parvi
919 2919 1005 2989 pretii
1022 2922 1067 2975 est
1085 2919 1124 2974 ad

111 2993 185 3046 hanc
206 3008 265 3045 rem
289 2990 515 3045 confirmandam.
535 3022 569 3031 -
589 2996 622 3045 15
642 2990 860 3063 angiportus]
880 2990 1006 3059 sequitur
1025 2990 1123 3060 (Prisc.

112 3069 173 3133 262,
187 3068 246 3130 23);
269 3063 524 3117 hiericunctius
545 3065 637 3118 sirim
660 3078 723 3115 oum
740 3061 902 3117 testimonio
922 3061 1068 3132 Varronis,
1087 3062 1123 3118 de

111 3134 172 3189 vita
195 3150 259 3204 pop.
279 3133 358 3187 Rom.
383 3135 412 3188 et
429 3132 561 3202 Vergilii,
585 3133 636 3187 ecl.
656 3138 683 3201 7,
703 3138 737 3186 33
762 3133 807 3202 (cf.
826 3132 898 3187 Non.
918 3138 982 3214 647,
1001 3139 1049 3202 21,
1074 3132 1124 3201 qui

112 3206 211 3260 eadem
230 3204 393 3259 testimonia
411 3203 516 3274 affert);
540 3203 650 3259 accedit
666 3204 783 3259 tertium
802 3204 876 3272 apud
895 3203 1070 3258 Priscianum
1089 3220 1124 3258 ex

111 3275 206 3331 Plauti
231 3275 403 3330 Curculione.
440 3274 493 3328 Hic
518 3274 609 3346 locus,
633 3275 681 3345 qui
710 3275 785 3344 apud
813 3274 971 3330 charisium
997 3292 1054 3329 non
1081 3273 1124 3328 iu-

111 3347 231 3417 venitur,
259 3364 310 3413 per
328 3347 449 3417 caprum
471 3345 592 3401 fortasse
615 3347 653 3400 ad
670 3346 845 3400 Priscianum
868 3349 897 3400 et
915 3345 1038 3400 Nonium
1060 3363 1123 3416 per·

112 3418 197 3474 venit.
212 3450 246 3459 -
259 3425 292 3473 20
311 3435 352 3473 an
382 3417 434 3473 uis
466 3416 626 3472 Plinianum
645 3419 760 3487 propter
777 3417 970 3471 testimonium
987 3416 1123 3472 Varronis

111 3488 224 3544 Atacini
242 3490 325 3560 (Berl.
344 3436 391 3559 pdr.
448 3489 608 3544 ochenschr.
628 3493 706 3557 1892,
720 3488 768 3544 Nr.
784 3494 818 3542 50
831 3506 858 3557 p.
870 3491 958 3557 1672).
